3292 5070
201 595 309 658 cutum
331 607 414 667 esse,
446 605 540 670 quem
562 585 734 652 Terentiae
757 583 842 651 haud
867 585 914 651 ita
936 584 1045 652 favere
1068 577 1206 668 constat,
1229 603 1342 654 conce·

201 697 311 760 demus
333 693 540 758 Plutarchum
572 692 726 757 hocloco
760 691 956 755 ememoria
989 690 1141 756 nonnulla
1168 690 1343 769 addidisse,

203 817 285 881 quae
315 797 398 878 apud
430 796 580 861 Tironem
609 795 747 878 legerat.
801 796 844 858 At
873 792 972 859 verba
1009 797 1070 879 ,dac
1093 792 1181 865 αὐτός
1205 815 1295 878 φησιν
1327 795 1343 855 ὁ

201 899 359 986 Κικέρωνι(
385 901 572 966 Ciceronem
587 899 692 980 ipsum
713 898 834 963 iontem
849 898 1032 963 nominanti
1056 918 1144 981 sane,
1168 916 1270 980 neque
1286 899 1345 964 illa

202 1005 242 1070 ab
267 1025 305 1070 eo
328 1003 542 1085 abjudicanda
566 1022 700 1082 censeo,
735 1003 825 1084 eujus
848 1003 955 1068 faceta
980 1004 1067 1068 dicta
1098 1004 1255 1069 a'Iirone
1279 1003 1343 1069 col-

175 1179 176 1182 ,
202 1110 287 1173 lecta
309 1125 406 1188 saepe
429 1107 603 1171 Plutarcho
626 1106 766 1171 fructum
789 1104 1017 1187 praebuerunt.

289 1211 406 1277 Verbis
442 1209 555 1296 ,rodro'r
591 1233 623 1272 τε
657 1209 729 1294 πρὸς
763 1207 851 1275 αὐτὸν
891 1209 1025 1295 ἔφρασεα
1058 1210 1100 1275 ad
1134 1212 1345 1293 hypomnema

185 1317 393 1382 *Plutarchus
424 1315 607 1379 revertitur.
655 1315 690 1391 Q.
715 1314 848 1379 fratrem
881 1321 914 1380 et
936 1313 1102 1398 Nigidium
1133 1314 1279 1396 Figulum
1311 1314 1344 1379 in

205 1422 450 1502 hypomnematis
473 1419 603 1484 honoris
627 1437 724 1484 causa
744 1437 1010 1484 commemorasse
1033 1418 1171 1501 videtur,
1193 1426 1230 1484 ut
1251 1419 1347 1484 fratri

135 1565 139 1574 ·
206 1525 371 1590 carissimo
405 1530 439 1588 et
471 1523 574 1587 amico
609 1523 762 1588 familiari
794 1523 987 1604 particulam
1021 1521 1143 1604 gloriae
1176 1540 1255 1589 suae
1286 1522 1346 1587 tri-

205 1626 330 1694 bueret.
359 1665 393 1676 -
1188 1633 1193 1642 ·

292 1730 444 1811 Sequitur
481 1730 559 1795 illud
594 1736 724 1810 patrum
757 1730 944 1811 concilium,
981 1747 1042 1811 quo
1070 1729 1109 1794 de
1141 1729 1299 1811 supplicio
1326 1749 1347 1796 a

208 1836 383 1918 conjuratis
406 1834 560 1900 sumendo
585 1843 692 1899 actum
723 1841 781 1899 est.
827 1835 928 1899 Plane
956 1834 1056 1914 igitur
1087 1833 1196 1898 omisit
1218 1833 1347 1900 Plutar-

206 1942 284 2006 chus
312 1958 394 2021 quac
424 1939 528 2020 pridie
563 1945 752 2020 evenerant,
790 1939 955 2020 Tarquinii
978 1937 1131 2003 indlcium
1154 1938 1195 2004 de
1218 1940 1346 2025 Crasse,

206 2045 289 2127 quod
323 2049 473 2108 accurate
505 2052 637 2108 enarrat
671 2043 844 2110 Sallustius
875 2049 934 2125 48,
978 2041 1122 2108 breviter
1155 2047 1348 2130 perstringit

209 2149 269 2213 Dio
289 2153 338 2224 37,
353 2153 402 2228 35,
427 2154 461 2212 et
477 2166 516 2211 ca
539 2165 621 2228 quae
639 2147 772 2212 Catulus
796 2153 829 2212 et
851 2147 926 2213 Piso
950 2151 1061 2212 contra
1085 2147 1257 2215 Caesarem
1280 2167 1347 2215 ma·

207 2251 429 2317 chinabantur.
475 2251 551 2315 Sall.
575 2251 629 2317 49.

293 2356 329 2421 In
352 2355 430 2419 vitto
451 2354 571 2432 Crassi,
604 2373 672 2435 cap.
694 2352 791 2436 XIII,
824 2357 859 2418 et
881 2351 1052 2435 Caesaris,
1084 2371 1153 2435 oap.
1176 2353 1248 2435 VII,
1260 2355 1347 2437 VIII,

209 2460 338 2540 scriptis
360 2467 435 2540 post
458 2458 621 2524 Ciceronis
643 2459 760 2536 vitam,
794 2456 848 2522 ubi
880 2457 961 2522 alios
994 2456 1098 2522 fontes
1130 2464 1260 2524 secutus
1287 2465 1348 2544 est,

208 2564 402 2629 Plutarchus
433 2581 558 2643 quoque
580 2562 640 2626 has
664 2581 717 2626 res
741 2565 970 2626 commemorat
1002 2566 1035 2626 et
1064 2567 1223 2643 testatur,
1258 2581 1294 2629 se
1315 2564 1349 2628 in

208 2670 453 2750 hypomnemate
475 2667 547 2730 illas
572 2685 633 2731 non
658 2667 788 2750 legIsse.
835 2666 950 2746 Itaque
973 2665 1179 2733 manifestum
1200 2665 1247 2750 fit,
1275 2668 1350 2734 Plu·

208 2773 373 2850 tarchum,
409 2790 480 2836 cum
502 2772 713 2862 hypomnema
736 2775 944 2851 excerperet,
978 2769 1119 2837 nondum
1147 2770 1254 2837 fontes
1276 2772 1350 2838 illos

106 2860 111 2870 ’
209 2879 336 2958 legisse,
361 2875 476 2957 quibus
498 2884 613 2955 postea
629 2893 705 2940 usus
729 2882 789 2955 est,
813 2873 867 2955 qui
890 2873 1027 2955 denique
1051 2873 1093 2938 ad
1109 2873 1273 2941 Ciceronis
1295 2894 1349 2940 ex·

208 2983 400 3063 positionem
434 2979 637 3044 consiliorum
671 2979 835 3043 referendi
868 2984 963 3057 sunt,
1001 2978 1040 3044 cf.
1062 2979 1119 3044 vit.
1144 2978 1250 3045 Crass.
1273 2979 1353 3044 XIII

210 3085 245 3169 „b
267 3080 403 3168 Κικέρων
425 3080 456 3145 ἔν
489 3105 543 3145 τινι
571 3083 653 3166 λόγῳ
676 3079 802 3166 φανερὸς
834 3079 870 3165 ἤν
894 3078 1027 3168 Κράσσῳ
1061 3079 1112 3146 καὶ
1135 3077 1268 3168 Καίσαρι
1296 3082 1350 3168 τὴν

209 3187 304 3252 αἰτίαν
333 3187 589 3272 προστριβόμενος.
644 3181 718 3248 Ἀλλ’
750 3184 835 3256 οὖτος
867 3183 919 3269 μὲν
953 3187 969 3247 ὁ
999 3186 1086 3269 λόγος
1116 3187 1243 3272 ἐξεδόθη
1277 3185 1351 3272 μετὰ

207 3289 260 3375 τὴν
284 3291 395 3375 ἀμφοῖν
417 3288 587 3372 τελευτήν(

295 3395 377 3460 Nam
411 3395 439 3458 si
461 3395 653 3459 Plutarchus
684 3398 817 3474 praeter
847 3393 1059 3476 hypomnema
1088 3413 1143 3461 eos
1174 3395 1351 3477 scriptores

209 3505 284 3564 ante
308 3500 416 3563 oculos
438 3497 622 3580 habuisset,
652 3495 722 3562 fieri
745 3517 806 3562 non
829 3500 945 3580 potuit,
978 3500 1053 3580 quin
1073 3499 1141 3581 jam
1163 3505 1232 3565 turn
1253 3499 1351 3564 mira·

209 3607 317 3679 retur,
351 3593 434 3681 quo'd
458 3601 569 3666 Cicero
601 3603 670 3682 ipse
704 3620 811 3666 secum
839 3602 1049 3683 dIscreparet.
1094 3603 1162 3669 Neo
1184 3602 1353 3685 probabile

211 3711 262 3770 est
284 3703 424 3769 futurum
449 3703 558 3785 fuisse,
581 3708 617 3769 ut
632 3705 825 3770 Plutarchus
845 3723 916 3770 eam
932 3706 1121 3771 relationem
1138 3707 1229 3788 parvi
1252 3707 1351 3772 aesti-

211 3813 324 3890 maret,
347 3809 416 3872 sine
437 3807 534 3872 dubio
550 3809 633 3873 enlm
648 3809 861 3874 intellexisset
876 3809 1040 3875 Ciceronis
1063 3811 1254 3891 expositioni
1277 3828 1352 3876 aon·

211 3914 352 3978 siliorum
376 3913 529 3993 majorem
552 3911 647 3978 fidem
668 3912 872 3980 tribuendam
896 3933 970 3980 esse
994 3915 1352 4000 quamhypomnemati,

212 4016 296 4099 quod
318 4015 400 4081 vivis
423 4015 540 4080 Crasso
564 4022 598 4082 et
622 4017 761 4083 Caesare
786 4017 908 4082 editum
932 4023 1013 4083 erat.
1034 4055 1077 4065 —-

213 4171 215 4176 .
297 4123 341 4186 At
363 4139 419 4203 ea,
455 4137 537 4202 quae
567 4120 606 4185 de
631 4120 771 4187 Caesare
801 4121 939 4205 legimus
963 4123 996 4187 in
1018 4120 1081 4188 fine
1105 4142 1174 4205 cap.
1198 4124 1274 4206 XX,
1309 4123 1352 4188 ad

211 4227 423 4308 hypomnema
452 4224 568 4289 referri
602 4245 664 4291 non
696 4232 840 4307 possunt.
887 4227 990 4311 Sane,
1025 4247 1088 4292 non
1121 4246 1212 4310 nego.
1259 4227 1352 4294 Unde

211 4349 287 4395 vero
310 4327 408 4396 verba
429 4329 485 4395 illa
508 4327 724 4396 effluxerunt?
755 4330 974 4410 Plutarchum,
1007 4334 1061 4412 qui
1084 4334 1189 4400 adhuc
1210 4350 1273 4399 uno
1295 4333 1354 4416 hy·

214 4440 417 4518 pomnemate
439 4433 567 4520 videtur
588 4453 665 4500 usus
689 4453 771 4515 esse,
805 4434 865 4499 hoe
888 4435 958 4499 loco
983 4454 1003 4501 a
1024 4435 1239 4519 compluribus
1262 4441 1354 4504 auto·
