<?xml version="1.0" encoding="UTF-8"?>
<!DOCTYPE html PUBLIC "-//W3C//DTD XHTML 1.0 Transitional//EN"
    "http://www.w3.org/TR/xhtml1/DTD/xhtml1-transitional.dtd">
<html xmlns="http://www.w3.org/1999/xhtml" xml:lang="en" lang="en">
 <head>
  <title>
</title>
<meta http-equiv="Content-Type" content="text/html;charset=utf-8" />
  <meta name='ocr-system' content='tesseract 3.04.00' />
  <meta name='ocr-capabilities' content='ocr_page ocr_carea ocr_par ocr_line ocrx_word'/>
</head>
<body>
  <div class='ocr_page' id='page_1' title='image "./deconjurationis00willgoog_0050.png"; bbox 0 0 3292 5070; ppageno 0'>
   <div class='ocr_carea' id='block_1_1' title="bbox 799 431 848 494">
    <p class='ocr_par' dir='ltr' id='par_1_1' title="bbox 799 431 848 494">
     <span class='ocr_line' id='line_1_1' title="bbox 799 431 848 494; baseline 0 -16"><span class='ocrx_word' id='word_1_1' title='bbox 799 431 848 494; x_wconf 70' lang='lat'>45.</span> 
     </span>
    </p>
   </div>
   <div class='ocr_carea' id='block_1_2' title="bbox 177 595 1397 2454">
    <p class='ocr_par' dir='ltr' id='par_1_2' title="bbox 253 595 1390 776">
     <span class='ocr_line' id='line_1_2' title="bbox 255 595 1390 683; baseline 0.003 -19"><span class='ocrx_word' id='word_1_2' title='bbox 255 597 420 664; x_wconf 90' lang='lat' dir='ltr'>desierunt</span> <span class='ocrx_word' id='word_1_3' title='bbox 441 595 594 679; x_wconf 85' lang='lat' dir='ltr'>maligni,</span> <span class='ocrx_word' id='word_1_4' title='bbox 629 597 668 663; x_wconf 90' lang='lat' dir='ltr'>cf.</span> <span class='ocrx_word' id='word_1_5' title='bbox 694 597 801 674; x_wconf 81' lang='lat' dir='ltr'>Quint.</span> <span class='ocrx_word' id='word_1_6' title='bbox 824 598 880 663; x_wconf 89' lang='lat' dir='ltr'>XI.</span> <span class='ocrx_word' id='word_1_7' title='bbox 908 605 934 676; x_wconf 88' lang='lat'>1,</span> <span class='ocrx_word' id='word_1_8' title='bbox 949 603 999 663; x_wconf 81' lang='lat'>24.</span> <span class='ocrx_word' id='word_1_9' title='bbox 1023 599 1055 664; x_wconf 94' lang='lat' dir='ltr'>in</span> <span class='ocrx_word' id='word_1_10' title='bbox 1078 599 1133 665; x_wconf 92' lang='lat' dir='ltr'>Pis</span> <span class='ocrx_word' id='word_1_11' title='bbox 1157 605 1207 665; x_wconf 76' lang='grc'>71.</span> <span class='ocrx_word' id='word_1_12' title='bbox 1254 602 1390 683; x_wconf 89' lang='lat' dir='ltr'>Philipp.</span> 
     </span>
     <span class='ocr_line' id='line_1_3' title="bbox 253 701 1390 776; baseline 0.002 -10"><span class='ocrx_word' id='word_1_13' title='bbox 253 703 292 766; x_wconf 94' lang='lat' dir='ltr'>Il.</span> <span class='ocrx_word' id='word_1_14' title='bbox 310 707 360 765; x_wconf 78' lang='lat'>21.</span> <span class='ocrx_word' id='word_1_15' title='bbox 396 701 521 766; x_wconf 85' lang='lat' dir='ltr'>Pseudo</span> <span class='ocrx_word' id='word_1_16' title='bbox 546 701 622 765; x_wconf 83' lang='lat' dir='ltr'>Sall.</span> <span class='ocrx_word' id='word_1_17' title='bbox 645 702 677 768; x_wconf 92' lang='lat' dir='ltr'>in</span> <span class='ocrx_word' id='word_1_18' title='bbox 695 702 796 767; x_wconf 83' lang='lat' dir='ltr'>Cicer.</span> <span class='ocrx_word' id='word_1_19' title='bbox 815 707 843 766; x_wconf 87' lang='lat'>6.</span> <span class='ocrx_word' id='word_1_20' title='bbox 879 703 1006 768; x_wconf 85' lang='lat' dir='ltr'>Pseudo</span> <span class='ocrx_word' id='word_1_21' title='bbox 1031 705 1133 769; x_wconf 82' lang='lat' dir='ltr'>Cicer.</span> <span class='ocrx_word' id='word_1_22' title='bbox 1154 705 1187 768; x_wconf 91' lang='lat' dir='ltr'>in</span> <span class='ocrx_word' id='word_1_23' title='bbox 1211 705 1288 770; x_wconf 88' lang='lat' dir='ltr'>Sall.</span> <span class='ocrx_word' id='word_1_24' title='bbox 1305 713 1333 776; x_wconf 75' lang='grc'>1.</span> <span class='ocrx_word' id='word_1_25' title='bbox 1353 741 1390 752; x_wconf 88' lang='grc'><strong>-</strong></span> 
     </span>
    </p>

    <p class='ocr_par' dir='ltr' id='par_1_3' title="bbox 254 797 1395 1302">
     <span class='ocr_line' id='line_1_4' title="bbox 339 797 1393 889; baseline 0.004 -20"><span class='ocrx_word' id='word_1_26' title='bbox 339 806 418 884; x_wconf 79' lang='lat' dir='ltr'>Ejus</span> <span class='ocrx_word' id='word_1_27' title='bbox 441 805 526 869; x_wconf 89' lang='lat' dir='ltr'>modi</span> <span class='ocrx_word' id='word_1_28' title='bbox 551 806 740 870; x_wconf 79' lang='lat' dir='ltr'>dicacitates</span> <span class='ocrx_word' id='word_1_29' title='bbox 763 810 797 869; x_wconf 91' lang='lat' dir='ltr'>et</span> <span class='ocrx_word' id='word_1_30' title='bbox 820 807 961 870; x_wconf 89' lang='lat' dir='ltr'>convicia</span> <span class='ocrx_word' id='word_1_31' title='bbox 981 807 1040 871; x_wconf 92' lang='lat' dir='ltr'>hoc</span> <span class='ocrx_word' id='word_1_32' title='bbox 1064 797 1189 889; x_wconf 83' lang='lat' dir='ltr'>quoque</span> <span class='ocrx_word' id='word_1_33' title='bbox 1213 809 1282 873; x_wconf 89' lang='lat' dir='ltr'>loco</span> <span class='ocrx_word' id='word_1_34' title='bbox 1298 809 1393 873; x_wconf 93' lang='lat' dir='ltr'>Dioni</span> 
     </span>
     <span class='ocr_line' id='line_1_5' title="bbox 254 908 1393 997; baseline 0.002 -23"><span class='ocrx_word' id='word_1_35' title='bbox 254 910 391 974; x_wconf 87' lang='lat' dir='ltr'>fructum</span> <span class='ocrx_word' id='word_1_36' title='bbox 413 908 601 990; x_wconf 84' lang='lat' dir='ltr'>praebuisse</span> <span class='ocrx_word' id='word_1_37' title='bbox 617 910 788 997; x_wconf 85' lang='lat' dir='ltr'>verisimile</span> <span class='ocrx_word' id='word_1_38' title='bbox 812 918 873 987; x_wconf 89' lang='lat' dir='ltr'>est,</span> <span class='ocrx_word' id='word_1_39' title='bbox 897 911 957 976; x_wconf 92' lang='lat' dir='ltr'>nisi</span> <span class='ocrx_word' id='word_1_40' title='bbox 975 910 1060 976; x_wconf 91' lang='lat' dir='ltr'>forte</span> <span class='ocrx_word' id='word_1_41' title='bbox 1077 913 1180 977; x_wconf 90' lang='lat' dir='ltr'>credit</span> <span class='ocrx_word' id='word_1_42' title='bbox 1196 913 1353 994; x_wconf 85' lang='lat' dir='ltr'>quispiam</span> <span class='ocrx_word' id='word_1_43' title='bbox 1367 910 1393 994; x_wconf 83' lang='grc'>1)</span> 
     </span>
     <span class='ocr_line' id='line_1_6' title="bbox 254 1013 1393 1097; baseline 0.001 -19"><span class='ocrx_word' id='word_1_44' title='bbox 254 1014 397 1078; x_wconf 88' lang='lat' dir='ltr'>malitiae</span> <span class='ocrx_word' id='word_1_45' title='bbox 413 1013 526 1078; x_wconf 91' lang='lat' dir='ltr'>Dionis</span> <span class='ocrx_word' id='word_1_46' title='bbox 549 1031 643 1094; x_wconf 90' lang='lat' dir='ltr'>quem</span> <span class='ocrx_word' id='word_1_47' title='bbox 661 1013 806 1078; x_wconf 82' lang='lat' dir='ltr'>Ciceroni</span> <span class='ocrx_word' id='word_1_48' title='bbox 830 1015 959 1079; x_wconf 89' lang='lat' dir='ltr'>minime</span> <span class='ocrx_word' id='word_1_49' title='bbox 983 1014 1091 1080; x_wconf 86' lang='lat' dir='ltr'>favere</span> <span class='ocrx_word' id='word_1_50' title='bbox 1114 1022 1251 1097; x_wconf 88' lang='lat' dir='ltr'>apparet</span> <span class='ocrx_word' id='word_1_51' title='bbox 1274 1017 1393 1080; x_wconf 89' lang='lat' dir='ltr'>calum·</span> 
     </span>
     <span class='ocr_line' id='line_1_7' title="bbox 255 1115 1395 1201; baseline 0.004 -21"><span class='ocrx_word' id='word_1_52' title='bbox 255 1119 325 1181; x_wconf 90' lang='lat' dir='ltr'>nias</span> <span class='ocrx_word' id='word_1_53' title='bbox 347 1117 422 1181; x_wconf 91' lang='lat' dir='ltr'>illas</span> <span class='ocrx_word' id='word_1_54' title='bbox 447 1115 635 1182; x_wconf 89' lang='lat' dir='ltr'>tribuendas</span> <span class='ocrx_word' id='word_1_55' title='bbox 652 1135 733 1182; x_wconf 90' lang='lat' dir='ltr'>esse.</span> <span class='ocrx_word' id='word_1_56' title='bbox 772 1116 878 1182; x_wconf 84' lang='lat' dir='ltr'>Causa</span> <span class='ocrx_word' id='word_1_57' title='bbox 901 1117 999 1198; x_wconf 89' lang='lat' dir='ltr'>igitur</span> <span class='ocrx_word' id='word_1_58' title='bbox 1022 1137 1083 1182; x_wconf 92' lang='lat' dir='ltr'>non</span> <span class='ocrx_word' id='word_1_59' title='bbox 1108 1125 1168 1201; x_wconf 88' lang='lat' dir='ltr'>est,</span> <span class='ocrx_word' id='word_1_60' title='bbox 1193 1138 1250 1184; x_wconf 91' lang='lat' dir='ltr'>cur</span> <span class='ocrx_word' id='word_1_61' title='bbox 1273 1137 1312 1184; x_wconf 89' lang='lat' dir='ltr'>ex</span> <span class='ocrx_word' id='word_1_62' title='bbox 1335 1120 1395 1185; x_wconf 91' lang='lat' dir='ltr'>boc</span> 
     </span>
     <span class='ocr_line' id='line_1_8' title="bbox 256 1207 1217 1302; baseline 0.002 -17"><span class='ocrx_word' id='word_1_63' title='bbox 256 1223 326 1285; x_wconf 90' lang='lat' dir='ltr'>loco</span> <span class='ocrx_word' id='word_1_64' title='bbox 350 1207 536 1301; x_wconf 87' lang='lat' dir='ltr'>colligamus</span> <span class='ocrx_word' id='word_1_65' title='bbox 560 1221 656 1285; x_wconf 92' lang='lat' dir='ltr'>Dioni</span> <span class='ocrx_word' id='word_1_66' title='bbox 679 1221 890 1302; x_wconf 82' lang='lat' dir='ltr'>hypomnema</span> <span class='ocrx_word' id='word_1_67' title='bbox 914 1227 1023 1285; x_wconf 92' lang='lat' dir='ltr'>notum</span> <span class='ocrx_word' id='word_1_68' title='bbox 1046 1221 1155 1287; x_wconf 84' lang='lat' dir='ltr'>fuisse.</span> <span class='ocrx_word' id='word_1_69' title='bbox 1183 1259 1217 1270; x_wconf 85' lang='lat'>-</span> 
     </span>
    </p>

    <p class='ocr_par' dir='ltr' id='par_1_4' title="bbox 177 1323 1395 1520">
     <span class='ocr_line' id='line_1_9' title="bbox 340 1323 1395 1392; baseline 0.001 -4"><span class='ocrx_word' id='word_1_70' title='bbox 340 1324 407 1388; x_wconf 90' lang='lat' dir='ltr'>lam</span> <span class='ocrx_word' id='word_1_71' title='bbox 439 1342 514 1388; x_wconf 88' lang='lat' dir='ltr'>vero</span> <span class='ocrx_word' id='word_1_72' title='bbox 549 1323 749 1388; x_wconf 84' lang='lat' dir='ltr'>conferamus</span> <span class='ocrx_word' id='word_1_73' title='bbox 782 1323 893 1388; x_wconf 90' lang='lat' dir='ltr'>Dionis</span> <span class='ocrx_word' id='word_1_74' title='bbox 931 1323 1031 1389; x_wconf 90' lang='lat' dir='ltr'>verba</span> <span class='ocrx_word' id='word_1_75' title='bbox 1064 1343 1135 1390; x_wconf 93' lang='lat' dir='ltr'>cum</span> <span class='ocrx_word' id='word_1_76' title='bbox 1167 1326 1331 1392; x_wconf 88' lang='lat' dir='ltr'>Ciceronis</span> <span class='ocrx_word' id='word_1_77' title='bbox 1360 1330 1395 1390; x_wconf 89' lang='lat' dir='ltr'>et</span> 
     </span>
     <span class='ocr_line' id='line_1_10' title="bbox 177 1427 429 1520; baseline -0.004 -29"><span class='ocrx_word' id='word_1_78' title='bbox 177 1509 183 1520; x_wconf 30' lang='grc' dir='ltr'>ι</span> <span class='ocrx_word' id='word_1_79' title='bbox 255 1427 429 1492; x_wconf 82' lang='lat' dir='ltr'>Plutarchi.</span> 
     </span>
    </p>

    <p class='ocr_par' dir='ltr' id='par_1_5' title="bbox 255 1533 1396 1821">
     <span class='ocr_line' id='line_1_11' title="bbox 341 1533 1394 1616; baseline 0.005 -21"><span class='ocrx_word' id='word_1_80' title='bbox 341 1533 389 1596; x_wconf 81' lang='lat' dir='ltr'>hd</span> <span class='ocrx_word' id='word_1_81' title='bbox 405 1533 631 1597; x_wconf 77' lang='lat' dir='ltr'>illustrandam</span> <span class='ocrx_word' id='word_1_82' title='bbox 647 1534 868 1614; x_wconf 87' lang='lat' dir='ltr'>quaestionem</span> <span class='ocrx_word' id='word_1_83' title='bbox 885 1537 1029 1597; x_wconf 89' lang='lat' dir='ltr'>nostram</span> <span class='ocrx_word' id='word_1_84' title='bbox 1042 1533 1194 1598; x_wconf 90' lang='lat' dir='ltr'>nonnulla</span> <span class='ocrx_word' id='word_1_85' title='bbox 1216 1535 1297 1598; x_wconf 90' lang='lat' dir='ltr'>sumi</span> <span class='ocrx_word' id='word_1_86' title='bbox 1320 1553 1394 1616; x_wconf 89' lang='lat' dir='ltr'>pos·</span> 
     </span>
     <span class='ocr_line' id='line_1_12' title="bbox 256 1636 1396 1721; baseline 0.001 -18"><span class='ocrx_word' id='word_1_87' title='bbox 256 1645 331 1703; x_wconf 86' lang='lat' dir='ltr'>sunt</span> <span class='ocrx_word' id='word_1_88' title='bbox 354 1656 392 1701; x_wconf 92' lang='lat' dir='ltr'>ex</span> <span class='ocrx_word' id='word_1_89' title='bbox 408 1636 572 1702; x_wconf 85' lang='lat' dir='ltr'>Ciceronis</span> <span class='ocrx_word' id='word_1_90' title='bbox 595 1643 743 1717; x_wconf 83' lang='lat' dir='ltr'>po&#39;e&#39;mate</span> <span class='ocrx_word' id='word_1_91' title='bbox 766 1638 806 1703; x_wconf 94' lang='lat' dir='ltr'>de</span> <span class='ocrx_word' id='word_1_92' title='bbox 822 1639 991 1702; x_wconf 87' lang='lat' dir='ltr'>consulatu</span> <span class='ocrx_word' id='word_1_93' title='bbox 1008 1655 1075 1719; x_wconf 88' lang='lat' dir='ltr'>suo,</span> <span class='ocrx_word' id='word_1_94' title='bbox 1100 1639 1190 1720; x_wconf 75' lang='lat' dir='ltr'>cuius</span> <span class='ocrx_word' id='word_1_95' title='bbox 1214 1638 1396 1721; x_wconf 85' lang='lat' dir='ltr'>fragmenta</span> 
     </span>
     <span class='ocr_line' id='line_1_13' title="bbox 255 1741 726 1821; baseline -0.004 -15"><span class='ocrx_word' id='word_1_96' title='bbox 255 1742 436 1806; x_wconf 88' lang='lat' dir='ltr'>Thouretus</span> <span class='ocrx_word' id='word_1_97' title='bbox 459 1742 553 1821; x_wconf 91' lang='lat' dir='ltr'>plane</span> <span class='ocrx_word' id='word_1_98' title='bbox 577 1741 726 1821; x_wconf 80' lang='lat' dir='ltr'>neglexit.</span> 
     </span>
    </p>

    <p class='ocr_par' dir='ltr' id='par_1_6' title="bbox 255 1844 1397 2454">
     <span class='ocr_line' id='line_1_14' title="bbox 341 1844 1395 1930; baseline 0.004 -21"><span class='ocrx_word' id='word_1_99' title='bbox 341 1847 376 1909; x_wconf 92' lang='lat' dir='ltr'>ln</span> <span class='ocrx_word' id='word_1_100' title='bbox 400 1846 506 1925; x_wconf 90' lang='lat' dir='ltr'>capite</span> <span class='ocrx_word' id='word_1_101' title='bbox 531 1851 549 1908; x_wconf 87' lang='grc'>8</span> <span class='ocrx_word' id='word_1_102' title='bbox 574 1844 647 1908; x_wconf 89' lang='lat' dir='ltr'>libri</span> <span class='ocrx_word' id='word_1_103' title='bbox 672 1850 722 1909; x_wconf 84' lang='lat'>37.</span> <span class='ocrx_word' id='word_1_104' title='bbox 769 1845 830 1908; x_wconf 93' lang='lat' dir='ltr'>Dio</span> <span class='ocrx_word' id='word_1_105' title='bbox 853 1845 1002 1930; x_wconf 89' lang='lat' dir='ltr'>prodigia</span> <span class='ocrx_word' id='word_1_106' title='bbox 1028 1853 1257 1912; x_wconf 88' lang='lat' dir='ltr'>commemorat</span> <span class='ocrx_word' id='word_1_107' title='bbox 1281 1847 1395 1929; x_wconf 89' lang='lat' dir='ltr'>quibus</span> 
     </span>
     <span class='ocr_line' id='line_1_15' title="bbox 255 1947 1395 2034; baseline 0.002 -21"><span class='ocrx_word' id='word_1_108' title='bbox 255 1948 389 2020; x_wconf 85' lang='lat' dir='ltr'>Romani</span> <span class='ocrx_word' id='word_1_109' title='bbox 406 1967 487 2013; x_wconf 90' lang='lat' dir='ltr'>anno</span> <span class='ocrx_word' id='word_1_110' title='bbox 503 1967 531 2012; x_wconf 92' lang='lat' dir='ltr'>a.</span> <span class='ocrx_word' id='word_1_111' title='bbox 549 1967 578 2011; x_wconf 95' lang='lat' dir='ltr'>n.</span> <span class='ocrx_word' id='word_1_112' title='bbox 595 1954 652 2013; x_wconf 82' lang='grc'>691</span> <span class='ocrx_word' id='word_1_113' title='bbox 681 1947 933 2034; x_wconf 73' lang='lat' dir='ltr'>terrebantu1·²).</span> <span class='ocrx_word' id='word_1_114' title='bbox 967 1949 1148 2015; x_wconf 85' lang='lat' dir='ltr'>Thouretus</span> <span class='ocrx_word' id='word_1_115' title='bbox 1164 1951 1276 2016; x_wconf 90' lang='lat' dir='ltr'>attulit</span> <span class='ocrx_word' id='word_1_116' title='bbox 1292 1951 1395 2017; x_wconf 89' lang='lat' dir='ltr'>locum</span> 
     </span>
     <span class='ocr_line' id='line_1_16' title="bbox 256 2052 1396 2136; baseline 0.003 -19"><span class='ocrx_word' id='word_1_117' title='bbox 256 2053 461 2118; x_wconf 89' lang='lat' dir='ltr'>exoratione</span> <span class='ocrx_word' id='word_1_118' title='bbox 484 2052 625 2118; x_wconf 87' lang='lat' dir='ltr'>inCatil</span> <span class='ocrx_word' id='word_1_119' title='bbox 648 2053 688 2117; x_wconf 89' lang='grc'>11,</span> <span class='ocrx_word' id='word_1_120' title='bbox 718 2053 851 2133; x_wconf 83' lang='grc'><strong>19-21,</strong></span> <span class='ocrx_word' id='word_1_121' title='bbox 880 2052 934 2117; x_wconf 83' lang='grc'>111</span> <span class='ocrx_word' id='word_1_122' title='bbox 958 2054 1071 2118; x_wconf 91' lang='lat' dir='ltr'>eadem</span> <span class='ocrx_word' id='word_1_123' title='bbox 1094 2053 1162 2119; x_wconf 88' lang='lat' dir='ltr'>iere</span> <span class='ocrx_word' id='word_1_124' title='bbox 1186 2054 1298 2120; x_wconf 91' lang='lat' dir='ltr'>Cicero</span> <span class='ocrx_word' id='word_1_125' title='bbox 1321 2073 1396 2136; x_wconf 92' lang='lat' dir='ltr'>pro·</span> 
     </span>
     <span class='ocr_line' id='line_1_17' title="bbox 256 2156 1397 2240; baseline 0.003 -19"><span class='ocrx_word' id='word_1_126' title='bbox 256 2157 329 2228; x_wconf 84' lang='lat' dir='ltr'>fert.</span> <span class='ocrx_word' id='word_1_127' title='bbox 376 2156 621 2232; x_wconf 88' lang='lat' dir='ltr'>Concedendum</span> <span class='ocrx_word' id='word_1_128' title='bbox 644 2165 704 2233; x_wconf 90' lang='lat' dir='ltr'>est,</span> <span class='ocrx_word' id='word_1_129' title='bbox 729 2158 826 2221; x_wconf 90' lang='lat' dir='ltr'>etiam</span> <span class='ocrx_word' id='word_1_130' title='bbox 851 2159 883 2221; x_wconf 92' lang='lat' dir='ltr'>in</span> <span class='ocrx_word' id='word_1_131' title='bbox 906 2159 1152 2240; x_wconf 88' lang='lat' dir='ltr'>hypomnemate</span> <span class='ocrx_word' id='word_1_132' title='bbox 1175 2160 1254 2225; x_wconf 89' lang='lat' dir='ltr'>haec</span> <span class='ocrx_word' id='word_1_133' title='bbox 1277 2177 1397 2224; x_wconf 91' lang='lat' dir='ltr'>memo·</span> 
     </span>
     <span class='ocr_line' id='line_1_18' title="bbox 256 2260 1397 2345; baseline 0.005 -20"><span class='ocrx_word' id='word_1_134' title='bbox 256 2262 326 2325; x_wconf 90' lang='lat' dir='ltr'>riae</span> <span class='ocrx_word' id='word_1_135' title='bbox 349 2261 470 2326; x_wconf 89' lang='lat' dir='ltr'>tradita</span> <span class='ocrx_word' id='word_1_136' title='bbox 495 2278 576 2342; x_wconf 86' lang='lat' dir='ltr'>esse,</span> <span class='ocrx_word' id='word_1_137' title='bbox 600 2260 639 2326; x_wconf 91' lang='grc'>11.</span> <span class='ocrx_word' id='word_1_138' title='bbox 658 2279 739 2341; x_wconf 91' lang='lat' dir='ltr'>quae</span> <span class='ocrx_word' id='word_1_139' title='bbox 762 2261 796 2325; x_wconf 91' lang='lat' dir='ltr'>in</span> <span class='ocrx_word' id='word_1_140' title='bbox 819 2263 958 2326; x_wconf 90' lang='lat' dir='ltr'>secundo</span> <span class='ocrx_word' id='word_1_141' title='bbox 978 2264 1136 2343; x_wconf 76' lang='lat' dir='ltr'>poematis</span> <span class='ocrx_word' id='word_1_142' title='bbox 1159 2262 1242 2329; x_wconf 89' lang='lat' dir='ltr'>libro</span> <span class='ocrx_word' id='word_1_143' title='bbox 1261 2265 1397 2345; x_wconf 82' lang='lat' dir='ltr'>legimus</span> 
     </span>
     <span class='ocr_line' id='line_1_19' title="bbox 257 2365 1397 2454; baseline 0.001 -23"><span class='ocrx_word' id='word_1_144' title='bbox 257 2385 339 2454; x_wconf 69' lang='lat' dir='ltr'>pers.</span> <span class='ocrx_word' id='word_1_145' title='bbox 371 2371 507 2431; x_wconf 75' lang='lat'>30-65.</span> <span class='ocrx_word' id='word_1_146' title='bbox 554 2366 616 2430; x_wconf 86' lang='lat' dir='ltr'>Sed</span> <span class='ocrx_word' id='word_1_147' title='bbox 648 2365 761 2430; x_wconf 89' lang='lat' dir='ltr'>Cicero</span> <span class='ocrx_word' id='word_1_148' title='bbox 789 2366 883 2447; x_wconf 82' lang='lat' dir='ltr'>huJ&#39;us</span> <span class='ocrx_word' id='word_1_149' title='bbox 915 2367 963 2430; x_wconf 93' lang='lat' dir='ltr'>rei</span> <span class='ocrx_word' id='word_1_150' title='bbox 993 2368 1185 2432; x_wconf 89' lang='lat' dir='ltr'>mentionem</span> <span class='ocrx_word' id='word_1_151' title='bbox 1219 2367 1296 2434; x_wconf 90' lang='lat' dir='ltr'>iecit</span> <span class='ocrx_word' id='word_1_152' title='bbox 1327 2386 1397 2432; x_wconf 91' lang='lat' dir='ltr'>cum</span> 
     </span>
    </p>
   </div>
   <div class='ocr_carea' id='block_1_3' title="bbox 131 2445 1397 2553">
    <p class='ocr_par' dir='ltr' id='par_1_7' title="bbox 131 2445 1397 2553">
     <span class='ocr_line' id='line_1_20' title="bbox 131 2445 1397 2553; baseline -0.001 -16"><span class='ocrx_word' id='word_1_153' title='bbox 131 2445 134 2452; x_wconf 35' lang='lat'><strong>⁴</strong></span> <span class='ocrx_word' id='word_1_154' title='bbox 221 2491 224 2498; x_wconf 87' lang='grc'>’</span> <span class='ocrx_word' id='word_1_155' title='bbox 258 2476 415 2547; x_wconf 83' lang='lat' dir='ltr'>narraret,</span> <span class='ocrx_word' id='word_1_156' title='bbox 443 2489 477 2540; x_wconf 88' lang='lat' dir='ltr'>se</span> <span class='ocrx_word' id='word_1_157' title='bbox 501 2471 631 2535; x_wconf 90' lang='lat' dir='ltr'>consule</span> <span class='ocrx_word' id='word_1_158' title='bbox 653 2470 732 2536; x_wconf 93' lang='lat' dir='ltr'>illud</span> <span class='ocrx_word' id='word_1_159' title='bbox 755 2470 840 2535; x_wconf 90' lang='lat' dir='ltr'>Iovis</span> <span class='ocrx_word' id='word_1_160' title='bbox 862 2471 1066 2536; x_wconf 90' lang='lat' dir='ltr'>simulacrum</span> <span class='ocrx_word' id='word_1_161' title='bbox 1090 2472 1122 2536; x_wconf 95' lang='lat' dir='ltr'>in</span> <span class='ocrx_word' id='word_1_162' title='bbox 1147 2471 1306 2553; x_wconf 86' lang='lat' dir='ltr'>Capitolio</span> <span class='ocrx_word' id='word_1_163' title='bbox 1329 2478 1397 2537; x_wconf 89' lang='lat' dir='ltr'>sta-</span> 
     </span>
    </p>
   </div>
   <div class='ocr_carea' id='block_1_4' title="bbox 172 2575 1399 3702">
    <p class='ocr_par' dir='ltr' id='par_1_8' title="bbox 172 2575 1399 3702">
     <span class='ocr_line' id='line_1_21' title="bbox 172 2575 1398 2657; baseline 0.001 -16"><span class='ocrx_word' id='word_1_164' title='bbox 172 2625 176 2632; x_wconf 88' lang='lat'>.</span> <span class='ocrx_word' id='word_1_165' title='bbox 258 2582 361 2641; x_wconf 89' lang='lat' dir='ltr'>tutum</span> <span class='ocrx_word' id='word_1_166' title='bbox 391 2593 463 2640; x_wconf 89' lang='lat' dir='ltr'>esse</span> <span class='ocrx_word' id='word_1_167' title='bbox 497 2575 609 2639; x_wconf 91' lang='lat' dir='ltr'>eodem</span> <span class='ocrx_word' id='word_1_168' title='bbox 640 2581 785 2656; x_wconf 91' lang='lat' dir='ltr'>tempore</span> <span class='ocrx_word' id='word_1_169' title='bbox 818 2593 880 2656; x_wconf 86' lang='lat' dir='ltr'>quo</span> <span class='ocrx_word' id='word_1_170' title='bbox 911 2577 980 2657; x_wconf 90' lang='lat' dir='ltr'>ipse</span> <span class='ocrx_word' id='word_1_171' title='bbox 1011 2576 1195 2656; x_wconf 88' lang='lat' dir='ltr'>conjuratos</span> <span class='ocrx_word' id='word_1_172' title='bbox 1219 2583 1253 2642; x_wconf 90' lang='lat' dir='ltr'>et</span> <span class='ocrx_word' id='word_1_173' title='bbox 1274 2576 1398 2642; x_wconf 89' lang='lat' dir='ltr'>indices</span> 
     </span>
     <span class='ocr_line' id='line_1_22' title="bbox 259 2681 1397 2762; baseline -0.001 -15"><span class='ocrx_word' id='word_1_174' title='bbox 259 2700 368 2747; x_wconf 90' lang='lat' dir='ltr'>corum</span> <span class='ocrx_word' id='word_1_175' title='bbox 400 2682 431 2744; x_wconf 92' lang='lat' dir='ltr'>in</span> <span class='ocrx_word' id='word_1_176' title='bbox 464 2681 616 2760; x_wconf 88' lang='lat' dir='ltr'>templum</span> <span class='ocrx_word' id='word_1_177' title='bbox 641 2681 837 2746; x_wconf 91' lang='lat' dir='ltr'>Concordiae</span> <span class='ocrx_word' id='word_1_178' title='bbox 870 2681 1012 2746; x_wconf 89' lang='lat' dir='ltr'>duceret.</span> <span class='ocrx_word' id='word_1_179' title='bbox 1058 2681 1140 2745; x_wconf 90' lang='lat' dir='ltr'>Num</span> <span class='ocrx_word' id='word_1_180' title='bbox 1164 2683 1262 2762; x_wconf 90' lang='lat' dir='ltr'>igitur</span> <span class='ocrx_word' id='word_1_181' title='bbox 1284 2682 1397 2748; x_wconf 90' lang='lat' dir='ltr'>verisi-</span> 
     </span>
     <span class='ocr_line' id='line_1_23' title="bbox 256 2786 1397 2868; baseline 0 -16"><span class='ocrx_word' id='word_1_182' title='bbox 256 2788 331 2852; x_wconf 87' lang='lat' dir='ltr'>mile</span> <span class='ocrx_word' id='word_1_183' title='bbox 355 2792 414 2863; x_wconf 90' lang='lat' dir='ltr'>est,</span> <span class='ocrx_word' id='word_1_184' title='bbox 439 2786 573 2850; x_wconf 90' lang='lat' dir='ltr'>Dionem</span> <span class='ocrx_word' id='word_1_185' title='bbox 597 2786 660 2868; x_wconf 83' lang='lat' dir='ltr'>qui,</span> <span class='ocrx_word' id='word_1_186' title='bbox 684 2793 856 2866; x_wconf 89' lang='lat' dir='ltr'>antequam</span> <span class='ocrx_word' id='word_1_187' title='bbox 875 2788 1001 2850; x_wconf 92' lang='lat' dir='ltr'>omnino</span> <span class='ocrx_word' id='word_1_188' title='bbox 1016 2787 1150 2851; x_wconf 89' lang='lat' dir='ltr'>alterius</span> <span class='ocrx_word' id='word_1_189' title='bbox 1167 2786 1397 2868; x_wconf 89' lang='lat' dir='ltr'>conjurationis</span> 
     </span>
     <span class='ocr_line' id='line_1_24' title="bbox 258 2889 1398 2972; baseline 0.001 -17"><span class='ocrx_word' id='word_1_190' title='bbox 258 2892 451 2955; x_wconf 88' lang='lat' dir='ltr'>mentionem</span> <span class='ocrx_word' id='word_1_191' title='bbox 482 2889 574 2967; x_wconf 88' lang='lat' dir='ltr'>iacit,</span> <span class='ocrx_word' id='word_1_192' title='bbox 604 2891 635 2952; x_wconf 92' lang='lat' dir='ltr'>in</span> <span class='ocrx_word' id='word_1_193' title='bbox 668 2890 863 2970; x_wconf 87' lang='lat' dir='ltr'>exponendis</span> <span class='ocrx_word' id='word_1_194' title='bbox 887 2891 960 2954; x_wconf 91' lang='lat' dir='ltr'>anui</span> <span class='ocrx_word' id='word_1_195' title='bbox 994 2909 1021 2954; x_wconf 91' lang='lat' dir='ltr'>a.</span> <span class='ocrx_word' id='word_1_196' title='bbox 1045 2910 1075 2954; x_wconf 92' lang='lat' dir='ltr'>n.</span> <span class='ocrx_word' id='word_1_197' title='bbox 1101 2895 1159 2954; x_wconf 83' lang='lat' dir='ltr'>eat</span> <span class='ocrx_word' id='word_1_198' title='bbox 1197 2889 1294 2956; x_wconf 86' lang='lat' dir='ltr'>rebus</span> <span class='ocrx_word' id='word_1_199' title='bbox 1325 2909 1398 2972; x_wconf 92' lang='lat' dir='ltr'>pro·</span> 
     </span>
     <span class='ocr_line' id='line_1_25' title="bbox 258 2995 1399 3079; baseline 0.001 -20"><span class='ocrx_word' id='word_1_200' title='bbox 258 2996 380 3079; x_wconf 90' lang='lat' dir='ltr'>digium</span> <span class='ocrx_word' id='word_1_201' title='bbox 409 2995 486 3059; x_wconf 94' lang='lat' dir='ltr'>illud</span> <span class='ocrx_word' id='word_1_202' title='bbox 519 2998 667 3076; x_wconf 88' lang='lat' dir='ltr'>enarrat,</span> <span class='ocrx_word' id='word_1_203' title='bbox 703 3015 741 3058; x_wconf 90' lang='lat' dir='ltr'>ex</span> <span class='ocrx_word' id='word_1_204' title='bbox 773 3013 810 3059; x_wconf 91' lang='lat' dir='ltr'>eo</span> <span class='ocrx_word' id='word_1_205' title='bbox 841 2995 911 3058; x_wconf 92' lang='lat' dir='ltr'>loco</span> <span class='ocrx_word' id='word_1_206' title='bbox 941 2995 1197 3076; x_wconf 89' lang='lat' dir='ltr'>hypomnematis</span> <span class='ocrx_word' id='word_1_207' title='bbox 1227 2996 1399 3061; x_wconf 79' lang='lat' dir='ltr'>hausisse?</span> 
     </span>
     <span class='ocr_line' id='line_1_26' title="bbox 259 3099 1398 3179; baseline 0 -15"><span class='ocrx_word' id='word_1_208' title='bbox 259 3101 455 3164; x_wconf 86' lang='lat' dir='ltr'>Praesertim</span> <span class='ocrx_word' id='word_1_209' title='bbox 479 3117 550 3163; x_wconf 93' lang='lat' dir='ltr'>cum</span> <span class='ocrx_word' id='word_1_210' title='bbox 568 3106 682 3179; x_wconf 85' lang='lat' dir='ltr'>postea</span> <span class='ocrx_word' id='word_1_211' title='bbox 698 3099 886 3179; x_wconf 87' lang='lat' dir='ltr'>discrepans</span> <span class='ocrx_word' id='word_1_212' title='bbox 902 3117 973 3164; x_wconf 90' lang='lat' dir='ltr'>cum</span> <span class='ocrx_word' id='word_1_213' title='bbox 993 3099 1147 3164; x_wconf 89' lang='lat' dir='ltr'>Cicerone</span> <span class='ocrx_word' id='word_1_214' title='bbox 1162 3100 1290 3179; x_wconf 92' lang='lat' dir='ltr'>prodat,</span> <span class='ocrx_word' id='word_1_215' title='bbox 1313 3100 1398 3165; x_wconf 89' lang='lat' dir='ltr'>Iovis</span> 
     </span>
     <span class='ocr_line' id='line_1_27' title="bbox 259 3199 1399 3286; baseline -0.002 -18"><span class='ocrx_word' id='word_1_216' title='bbox 259 3204 464 3268; x_wconf 79' lang='lat' dir='ltr'>simulacrum</span> <span class='ocrx_word' id='word_1_217' title='bbox 505 3201 582 3285; x_wconf 71' lang='lat' dir='ltr'>„aab</span> <span class='ocrx_word' id='word_1_218' title='bbox 621 3200 710 3265; x_wconf 82' lang='grc' dir='ltr'>αὐτὸν</span> <span class='ocrx_word' id='word_1_219' title='bbox 738 3200 787 3265; x_wconf 86' lang='grc' dir='ltr'>τὸν</span> <span class='ocrx_word' id='word_1_220' title='bbox 824 3199 924 3286; x_wconf 82' lang='grc' dir='ltr'>καιρὸν</span> <span class='ocrx_word' id='word_1_221' title='bbox 954 3208 1006 3286; x_wconf 77' lang='grc' dir='ltr'>τῆς</span> <span class='ocrx_word' id='word_1_222' title='bbox 1037 3201 1195 3286; x_wconf 79' lang='grc' dir='ltr'>ἐκκλησίας</span> <span class='ocrx_word' id='word_1_223' title='bbox 1218 3251 1321 3266; x_wconf 92' lang='grc'><strong>.....</strong></span> <span class='ocrx_word' id='word_1_224' title='bbox 1346 3207 1399 3266; x_wconf 77' lang='grc' dir='ltr'>τοῦ</span> 
     </span>
     <span class='ocr_line' id='line_1_28' title="bbox 257 3303 1399 3392; baseline 0.004 -24"><span class='ocrx_word' id='word_1_225' title='bbox 257 3303 426 3391; x_wconf 83' lang='grc' dir='ltr'>Κικέρωνος</span> <span class='ocrx_word' id='word_1_226' title='bbox 464 3305 721 3390; x_wconf 70' lang='grc' dir='ltr'><strong>δημηγοροῦντ1ς“</strong></span> <span class='ocrx_word' id='word_1_227' title='bbox 759 3308 899 3387; x_wconf 86' lang='lat' dir='ltr'>positum</span> <span class='ocrx_word' id='word_1_228' title='bbox 939 3325 1021 3371; x_wconf 81' lang='lat' dir='ltr'>esse.</span> <span class='ocrx_word' id='word_1_229' title='bbox 1076 3307 1146 3371; x_wconf 90' lang='lat' dir='ltr'>Non</span> <span class='ocrx_word' id='word_1_230' title='bbox 1178 3314 1267 3372; x_wconf 79' lang='lat' dir='ltr'>recte</span> <span class='ocrx_word' id='word_1_231' title='bbox 1298 3308 1399 3392; x_wconf 79' lang='lat' dir='ltr'>igitur</span> 
     </span>
     <span class='ocr_line' id='line_1_29' title="bbox 258 3397 1398 3494; baseline 0 -18"><span class='ocrx_word' id='word_1_232' title='bbox 258 3412 439 3476; x_wconf 89' lang='lat' dir='ltr'>Thouretus</span> <span class='ocrx_word' id='word_1_233' title='bbox 463 3397 623 3476; x_wconf 81' lang='lat' dir='ltr'>Grashofii</span> <span class='ocrx_word' id='word_1_234' title='bbox 654 3413 846 3475; x_wconf 90' lang='lat' dir='ltr'>sententiam</span> <span class='ocrx_word' id='word_1_235' title='bbox 870 3410 1025 3476; x_wconf 77' lang='lat' dir='ltr'>refutavit</span> <span class='ocrx_word' id='word_1_236' title='bbox 1052 3413 1106 3492; x_wconf 90' lang='lat' dir='ltr'>qui</span> <span class='ocrx_word' id='word_1_237' title='bbox 1128 3410 1168 3476; x_wconf 92' lang='lat' dir='ltr'>ab</span> <span class='ocrx_word' id='word_1_238' title='bbox 1192 3410 1398 3494; x_wconf 88' lang='lat' dir='ltr'>Obsequente</span> 
     </span>
     <span class='ocr_line' id='line_1_30' title="bbox 259 3515 1399 3599; baseline 0.001 -19"><span class='ocrx_word' id='word_1_239' title='bbox 259 3516 410 3581; x_wconf 91' lang='lat' dir='ltr'>auxilium</span> <span class='ocrx_word' id='word_1_240' title='bbox 431 3516 554 3597; x_wconf 87' lang='lat' dir='ltr'>petivit.</span> <span class='ocrx_word' id='word_1_241' title='bbox 588 3515 740 3599; x_wconf 82' lang='lat' dir='ltr'>Legimus</span> <span class='ocrx_word' id='word_1_242' title='bbox 764 3517 846 3580; x_wconf 90' lang='lat' dir='ltr'>enim</span> <span class='ocrx_word' id='word_1_243' title='bbox 871 3515 957 3596; x_wconf 92' lang='lat' dir='ltr'>apud</span> <span class='ocrx_word' id='word_1_244' title='bbox 980 3516 1068 3581; x_wconf 90' lang='lat' dir='ltr'>illum</span> <span class='ocrx_word' id='word_1_245' title='bbox 1084 3515 1154 3580; x_wconf 85' lang='lat' dir='ltr'>Livi</span> <span class='ocrx_word' id='word_1_246' title='bbox 1177 3523 1399 3597; x_wconf 86' lang='lat' dir='ltr'>excerptorem</span> 
     </span>
     <span class='ocr_line' id='line_1_31' title="bbox 258 3619 1031 3702; baseline -0.004 -18"><span class='ocrx_word' id='word_1_247' title='bbox 258 3622 371 3684; x_wconf 90' lang='lat' dir='ltr'>eadem</span> <span class='ocrx_word' id='word_1_248' title='bbox 393 3639 475 3702; x_wconf 91' lang='lat' dir='ltr'>quae</span> <span class='ocrx_word' id='word_1_249' title='bbox 499 3621 582 3700; x_wconf 92' lang='lat' dir='ltr'>apud</span> <span class='ocrx_word' id='word_1_250' title='bbox 607 3621 739 3685; x_wconf 88' lang='lat' dir='ltr'>Dionem</span> <span class='ocrx_word' id='word_1_251' title='bbox 765 3620 970 3685; x_wconf 87' lang='lat' dir='ltr'>inveniuntur</span> <span class='ocrx_word' id='word_1_252' title='bbox 992 3619 1031 3684; x_wconf 88' lang='grc'>11.</span> 
     </span>
    </p>
   </div>
   <div class='ocr_carea' id='block_1_5' title="bbox 256 3852 1402 4277">
    <p class='ocr_par' dir='ltr' id='par_1_9' title="bbox 258 3852 1400 4012">
     <span class='ocr_line' id='line_1_32' title="bbox 334 3852 1400 3922; baseline 0.003 -17"><span class='ocrx_word' id='word_1_253' title='bbox 334 3853 357 3920; x_wconf 88' lang='grc'>1)</span> <span class='ocrx_word' id='word_1_254' title='bbox 376 3852 411 3906; x_wconf 84' lang='grc'>11.</span> <span class='ocrx_word' id='word_1_255' title='bbox 431 3853 534 3922; x_wconf 78' lang='lat' dir='ltr'>Egger:</span> <span class='ocrx_word' id='word_1_256' title='bbox 555 3867 671 3906; x_wconf 86' lang='lat' dir='ltr'>examen</span> <span class='ocrx_word' id='word_1_257' title='bbox 692 3852 813 3920; x_wconf 87' lang='lat' dir='ltr'>critique</span> <span class='ocrx_word' id='word_1_258' title='bbox 833 3852 881 3906; x_wconf 83' lang='lat' dir='ltr'>des</span> <span class='ocrx_word' id='word_1_259' title='bbox 901 3853 1051 3908; x_wconf 87' lang='lat' dir='ltr'>historiens</span> <span class='ocrx_word' id='word_1_260' title='bbox 1069 3853 1184 3908; x_wconf 83' lang='lat' dir='ltr'>arciens</span> <span class='ocrx_word' id='word_1_261' title='bbox 1203 3852 1237 3908; x_wconf 89' lang='lat' dir='ltr'>de</span> <span class='ocrx_word' id='word_1_262' title='bbox 1257 3853 1285 3906; x_wconf 90' lang='lat' dir='ltr'>la</span> <span class='ocrx_word' id='word_1_263' title='bbox 1304 3852 1349 3907; x_wconf 81' lang='lat' dir='ltr'>vie</span> <span class='ocrx_word' id='word_1_264' title='bbox 1369 3855 1400 3908; x_wconf 78' lang='lat' dir='ltr'>et</span> 
     </span>
     <span class='ocr_line' id='line_1_33' title="bbox 258 3941 961 4012; baseline 0.001 -17"><span class='ocrx_word' id='word_1_265' title='bbox 258 3941 295 3996; x_wconf 90' lang='lat' dir='ltr'>du</span> <span class='ocrx_word' id='word_1_266' title='bbox 315 3945 400 4010; x_wconf 73' lang='lat' dir='ltr'>regne</span> <span class='ocrx_word' id='word_1_267' title='bbox 420 3942 583 4012; x_wconf 82' lang='lat' dir='ltr'>d’Augusle.</span> <span class='ocrx_word' id='word_1_268' title='bbox 620 3942 698 3996; x_wconf 85' lang='lat' dir='ltr'>Paris</span> <span class='ocrx_word' id='word_1_269' title='bbox 719 3943 796 3996; x_wconf 89' lang='grc'><strong>1844.</strong></span> <span class='ocrx_word' id='word_1_270' title='bbox 834 3961 882 4012; x_wconf 85' lang='lat' dir='ltr'>pg.</span> <span class='ocrx_word' id='word_1_271' title='bbox 901 3943 961 3998; x_wconf 80' lang='lat'>292.</span> 
     </span>
    </p>

    <p class='ocr_par' dir='ltr' id='par_1_10' title="bbox 256 4029 1402 4277">
     <span class='ocr_line' id='line_1_34' title="bbox 330 4029 1401 4100; baseline 0.005 -18"><span class='ocrx_word' id='word_1_272' title='bbox 330 4030 542 4085; x_wconf 88' lang='lat' dir='ltr'>Haimbaohius:</span> <span class='ocrx_word' id='word_1_273' title='bbox 567 4030 717 4096; x_wconf 84' lang='lat' dir='ltr'>Quaeritur</span> <span class='ocrx_word' id='word_1_274' title='bbox 736 4029 804 4098; x_wconf 89' lang='lat' dir='ltr'>quid</span> <span class='ocrx_word' id='word_1_275' title='bbox 824 4034 854 4084; x_wconf 90' lang='lat' dir='ltr'>et</span> <span class='ocrx_word' id='word_1_276' title='bbox 872 4035 1009 4100; x_wconf 86' lang='lat' dir='ltr'>quantum</span> <span class='ocrx_word' id='word_1_277' title='bbox 1030 4033 1059 4088; x_wconf 91' lang='lat' dir='ltr'>C.</span> <span class='ocrx_word' id='word_1_278' title='bbox 1079 4033 1132 4086; x_wconf 89' lang='lat' dir='ltr'>Dio</span> <span class='ocrx_word' id='word_1_279' title='bbox 1151 4033 1181 4087; x_wconf 87' lang='lat' dir='ltr'>in</span> <span class='ocrx_word' id='word_1_280' title='bbox 1200 4032 1319 4087; x_wconf 84' lang='lat' dir='ltr'>historia</span> <span class='ocrx_word' id='word_1_281' title='bbox 1338 4049 1401 4087; x_wconf 89' lang='lat' dir='ltr'>con·</span> 
     </span>
     <span class='ocr_line' id='line_1_35' title="bbox 257 4118 1402 4189; baseline 0.003 -17"><span class='ocrx_word' id='word_1_282' title='bbox 257 4118 405 4173; x_wconf 87' lang='lat' dir='ltr'>scribenda</span> <span class='ocrx_word' id='word_1_283' title='bbox 430 4119 496 4173; x_wconf 86' lang='lat' dir='ltr'>inde</span> <span class='ocrx_word' id='word_1_284' title='bbox 522 4120 629 4173; x_wconf 84' lang='lat' dir='ltr'>alibro</span> <span class='ocrx_word' id='word_1_285' title='bbox 649 4120 683 4172; x_wconf 81' lang='lat' dir='ltr'>to</span> <span class='ocrx_word' id='word_1_286' title='bbox 710 4135 798 4184; x_wconf 81' lang='lat' dir='ltr'>usqrre</span> <span class='ocrx_word' id='word_1_287' title='bbox 824 4118 859 4172; x_wconf 89' lang='lat' dir='ltr'>ad</span> <span class='ocrx_word' id='word_1_288' title='bbox 885 4119 987 4173; x_wconf 89' lang='lat' dir='ltr'>librum</span> <span class='ocrx_word' id='word_1_289' title='bbox 1009 4123 1042 4174; x_wconf 84' lang='grc'>47</span> <span class='ocrx_word' id='word_1_290' title='bbox 1071 4121 1185 4175; x_wconf 81' lang='lat' dir='ltr'>chivio</span> <span class='ocrx_word' id='word_1_291' title='bbox 1205 4119 1402 4189; x_wconf 80' lang='lat' dir='ltr'>desumpserit.</span> 
     </span>
     <span class='ocr_line' id='line_1_36' title="bbox 256 4209 787 4277; baseline -0.004 -16"><span class='ocrx_word' id='word_1_292' title='bbox 256 4209 321 4262; x_wconf 86' lang='lat' dir='ltr'>diss.</span> <span class='ocrx_word' id='word_1_293' title='bbox 340 4209 435 4277; x_wconf 85' lang='lat' dir='ltr'>inaug.</span> <span class='ocrx_word' id='word_1_294' title='bbox 474 4210 551 4262; x_wconf 91' lang='lat' dir='ltr'>Bonn</span> <span class='ocrx_word' id='word_1_295' title='bbox 573 4209 649 4262; x_wconf 81' lang='grc'><strong>1878,</strong></span> <span class='ocrx_word' id='word_1_296' title='bbox 687 4225 733 4276; x_wconf 87' lang='lat' dir='ltr'>pg.</span> <span class='ocrx_word' id='word_1_297' title='bbox 754 4209 787 4260; x_wconf 86' lang='grc'>45</span> 
     </span>
    </p>
   </div>
   <div class='ocr_carea' id='block_1_6' title="bbox 257 4291 1401 4546">
    <p class='ocr_par' dir='ltr' id='par_1_11' title="bbox 257 4291 1401 4546">
     <span class='ocr_line' id='line_1_37' title="bbox 329 4291 1401 4367; baseline 0.005 -20"><span class='ocrx_word' id='word_1_298' title='bbox 329 4297 434 4351; x_wconf 83' lang='lat' dir='ltr'>Anioni</span> <span class='ocrx_word' id='word_1_299' title='bbox 464 4295 703 4366; x_wconf 83' lang='lat' dir='ltr'>Antiphilippicas</span> <span class='ocrx_word' id='word_1_300' title='bbox 728 4295 834 4350; x_wconf 85' lang='lat' dir='ltr'>fontem</span> <span class='ocrx_word' id='word_1_301' title='bbox 855 4297 991 4351; x_wconf 80' lang='lat' dir='ltr'>nominat.</span> <span class='ocrx_word' id='word_1_302' title='bbox 1012 4291 1056 4350; x_wconf 85' lang='lat' dir='ltr'>cui</span> <span class='ocrx_word' id='word_1_303' title='bbox 1082 4297 1240 4352; x_wconf 85' lang='lat' dir='ltr'>adsentitur</span> <span class='ocrx_word' id='word_1_304' title='bbox 1252 4296 1401 4367; x_wconf 81' lang='lat' dir='ltr'>Hauptius.</span> 
     </span>
     <span class='ocr_line' id='line_1_38' title="bbox 257 4385 558 4455; baseline 0.003 -16"><span class='ocrx_word' id='word_1_305' title='bbox 257 4385 412 4440; x_wconf 70' lang='grc'><strong>1111141</strong></span> <span class='ocrx_word' id='word_1_306' title='bbox 432 4404 477 4455; x_wconf 77' lang='lat' dir='ltr'>pg.</span> <span class='ocrx_word' id='word_1_307' title='bbox 497 4387 558 4440; x_wconf 85' lang='lat' dir='ltr'>oet.</span> 
     </span>
     <span class='ocr_line' id='line_1_39' title="bbox 327 4474 824 4546; baseline 0.012 -18"><span class='ocrx_word' id='word_1_308' title='bbox 327 4477 355 4544; x_wconf 81' lang='lat'>2)</span> <span class='ocrx_word' id='word_1_309' title='bbox 374 4475 411 4530; x_wconf 87' lang='grc'>11.</span> <span class='ocrx_word' id='word_1_310' title='bbox 430 4475 600 4546; x_wconf 83' lang='lat' dir='ltr'>Bureachp.</span> <span class='ocrx_word' id='word_1_311' title='bbox 620 4474 769 4529; x_wconf 79' lang='lat' dir='ltr'>aaa-223.</span> <span class='ocrx_word' id='word_1_312' title='bbox 819 4511 824 4534; x_wconf 51' lang='lat' dir='ltr'>a</span> 
     </span>
    </p>
   </div>
   <div class='ocr_carea' id='block_1_7' title="bbox 0 0 1657 5070">
    <p class='ocr_par' dir='ltr' id='par_1_12' title="bbox 0 0 1657 5070">
     <span class='ocr_line' id='line_1_40' title="bbox 0 0 1657 5070; baseline 0 0"><span class='ocrx_word' id='word_1_313' title='bbox 0 0 1657 5070; x_wconf 95' lang='lat' dir='ltr'> </span> 
     </span>
    </p>
   </div>
  </div>
 </body>
</html>
