3292 5070
824 483 872 546 ab

284 654 390 738 batur,
415 655 519 725 Catuli
544 655 650 736 gracia
672 653 773 718 fultus
796 654 909 719 evasit
954 655 991 719 In
1016 662 1159 724 extremo
1184 658 1267 724 bello
1291 656 1428 726 Mithra·

285 764 393 828 datico
418 757 612 841 exponendo
644 757 781 823 Dionem
812 777 830 822 e
861 758 951 822 Livio
982 759 1129 827 hausisse
1153 762 1340 828 Grashofius
1373 783 1426 847 pg.

286 871 412 932 11-12
438 865 648 928 demonstrat.
694 862 808 944 ltaque
830 881 931 943 usque
963 864 1002 927 ad
1027 867 1240 931 enarrandum
1265 867 1428 932 Ciceronis

283 971 483 1039 consulatum
507 969 568 1032 Dio
592 967 717 1032 Livium
741 969 917 1049 excerpsit,
951 970 999 1034 sin
1029 976 1135 1036 auteur
1171 992 1208 1036 ea
1231 973 1426 1053 contempla-

282 1099 364 1159 mur,
387 1095 469 1160 quae
484 1081 558 1157 post
570 1074 729 1139 Catilinae
745 1080 880 1139 mortem
898 1075 1043 1156 legimus,
1068 1078 1182 1156 elucet,
1206 1079 1301 1159 plane
1313 1077 1424 1143 eodem

282 1185 394 1250 ordine
417 1199 471 1248 res
492 1182 578 1246 inter
602 1199 637 1245 se
659 1179 753 1244 valde
776 1179 922 1245 diuersas
945 1180 1084 1260 proferri
1107 1201 1169 1263 quo
1193 1183 1277 1264 apud
1300 1182 1424 1248 Livium

280 1289 408 1371 prolata
431 1290 515 1352 sunt.
561 1284 601 1350 cl.

540 1390 608 1454 Liv.
633 1389 778 1455 Perioch.
806 1395 877 1454 103.
1243 1391 1304 1457 Dio
1328 1397 1379 1457 37.

283 1498 413 1566 Clodius
435 1496 552 1561 incesti
574 1499 745 1560 accusatus
770 1493 957 1559 absolvitur.
1244 1515 1314 1577 cap.
1329 1502 1380 1560 45.

283 1605 317 1670 C.
342 1603 529 1685 Pomptinus
552 1606 684 1682 praetor
708 1598 898 1681 Allobrogas
926 1600 967 1665 ad
992 1599 1140 1666 Solonem
1277 1651 1292 1683 „
1325 1607 1377 1666 47.

383 1709 516 1774 domuit.

281 1814 413 1881 Clodius
436 1813 477 1878 ad
500 1810 627 1895 plebem
652 1811 791 1876 transiit.
1275 1862 1291 1894 „
1327 1815 1377 1874 51.

280 1921 314 1987 C.
340 1919 460 1986 Caesar
483 1918 655 1983 Lusitanos
681 1915 817 1998 subegit.
1275 1965 1292 1998 ,
1325 1918 1377 1978 52.

281 2025 477 2106 conspiratio
500 2024 585 2087 inter
609 2028 676 2086 tres
700 2021 841 2086 civitatis
864 2019 1035 2100 principes.
1277 2069 1292 2102 „
1325 2025 1375 2083 54,

278 2132 370 2215 leges
393 2129 543 2214 agrariae
568 2148 587 2194 a
611 2127 751 2191 Caesare
773 2126 871 2190 latae.
1074 2129 1077 2135 '
1219 2121 1273 2188 lib.
1299 2129 1391 2205 38,1.

280 2234 497 2301 Centenius
526 2233 557 2296 in
582 2231 722 2296 Thracia
750 2229 867 2311 parum
885 2247 1039 2311 prospere
1070 2248 1139 2294 rem
1286 2278 1301 2310 „
1348 2233 1396 2292 10.

383 2337 496 2424 gessit.

279 2445 443 2511 Ciceronis
466 2442 604 2508 exilium.
1284 2491 1300 2526 ,‚
1347 2444 1395 2504 14.

367 2547 517 2613 Proiecto
551 2545 663 2610 Dionis
698 2544 867 2626 periochas
901 2545 1007 2625 legere
1039 2545 1203 2622 videmur,
1237 2563 1311 2610 num
1342 2561 1418 2608 casu

279 2656 339 2720 boc
362 2654 507 2719 evenisse
530 2651 659 2716 credis?
704 2650 818 2730 ltaque
840 2649 1014 2714 verisimile
1037 2669 1097 2714 non
1123 2655 1193 2728 est,
1215 2651 1247 2713 in
1269 2650 1418 2730 conJura-

269 2760 363 2824 vtione
386 2759 457 2838 ipsa
480 2754 668 2837 exponenda
691 2773 763 2819 eum
778 2754 848 2818 Livi
872 2755 1081 2819 autoritatem
1104 2766 1312 2836 aspernatum
1335 2773 1417 2836 esse,

272 2865 369 2946 cujus
400 2862 621 2944 plenissimum
657 2859 875 2923 testimonium
906 2858 1027 2923 Seneca
1064 2858 1190 2936 laudat,
1225 2859 1417 2940 praesertim

271 2959 350 3034 curn
360 2967 511 3032 nonnulla
527 2965 610 3046 apud
625 2964 761 3028 Dionem
777 2965 988 3044 inveniantur,
1013 2982 1094 3043 quae
1118 2964 1158 3028 ad
1183 2963 1280 3028 alium
1295 2963 1415 3028 fontem

276 3072 393 3138 referri·
420 3073 470 3135 vix
500 3075 644 3150 possunt.
671 3066 798 3133 -Sed
829 3068 868 3132 de
891 3068 1027 3150 singulis
1051 3068 1224 3134 rideamus.
1270 3069 1319 3132 De
1341 3086 1415 3148 pro·

277 3177 389 3258 digiis,
423 3180 474 3257 37,
488 3179 547 3255 25,
583 3191 679 3253 supra
704 3172 848 3235 diximus.
895 3172 1019 3237 Deinde
1042 3173 1153 3253 paucis
1175 3171 1347 3257 προάγωνες
1369 3172 1416 3237 illi

269 3287 472 3347 enarrantur
508 3278 548 3342 de
581 3276 697 3358 quibus
734 3275 864 3340 uberius
906 3277 974 3358 agit
1004 3277 1204 3343 Plutarchus.
1260 3279 1314 3342 vit.
1349 3277 1413 3344 Cic.

278 3405 368 3469 capp.
392 3385 470 3461 XII,
502 3383 597 3462 XIII,
628 3383 685 3447 sed
708 3382 795 3446 solus
817 3383 878 3446 Dio
902 3382 1003 3446 tradit
1026 3381 1163 3448 tribunis
1187 3383 1414 3465 adJ'uuantibus
1441 3387 1445 3392 “

276 3489 525 3556 P..dutr0nium
559 3494 592 3551 et
615 3487 648 3550 P.
674 3486 793 3550 Sullam
826 3493 970 3551 senatum
1007 3492 1040 3552 et
1073 3489 1211 3553 honores
1241 3489 1413 3569 recepisse.

276 3597 324 3660 Ea
355 3611 480 3676 quoque
511 3611 593 3674 quae
626 3591 665 3654 de
689 3591 723 3655 C.
747 3590 880 3656 Rabirio
905 3593 1042 3676 legimus
1071 3611 1091 3656 a
1116 3594 1203 3657 Livio
1234 3592 1414 3674 abjudicari

269 3696 326 3759 uix
348 3702 493 3779 possunt,
517 3695 703 3760 Ciceronem
727 3696 810 3760 enim
832 3697 892 3761 hoc
915 3697 985 3760 loco
1007 3701 1193 3778 excerptum
1216 3715 1288 3762 esse
1310 3697 1413 3762 iucre-

274 3801 374 3866 dibile
397 3810 457 3866 est.
492 3802 552 3867 Dio
576 3802 630 3882 qui
646 3803 888 3867 accuratissime
911 3803 992 3868 liano
1016 3823 1084 3868 rem
1108 3805 1248 3884 explicat
1271 3803 1412 3868 futurum

274 3906 374 3970 luisse
398 3907 572 3986 contendit,
595 3911 631 3970 ut
642 3904 794 3970 Rabirius
818 3907 1035 3990 damnaretur,
1058 3908 1119 3971 nisi
1137 3908 1287 3974 Metellus
1310 3927 1414 3992 augur

276 4015 311 4074 et
332 4016 464 4090 praetor
487 4011 613 4093 signum
635 4010 717 4074 illud
740 4011 893 4094 dedisset,
918 4032 980 4095 quo
1003 4013 1163 4078 exercitus
1177 4012 1414 4078 remittebatur.

275 4115 460 4180 Ciceronem
483 4114 531 4179 ita
552 4115 691 4180 locutum
716 4134 788 4181 esse
811 4118 882 4198 quis
905 4119 1040 4183 credat?

360 4219 409 4283 De
432 4219 595 4284 Ciceronis
625 4222 771 4286 oratione
800 4241 858 4302 pro
881 4224 997 4288 Roscio
1021 4223 1147 4289 Othone
1179 4223 1292 4290 habita
1322 4222 1411 4306 apud

273 4324 407 4388 Dionem
437 4323 516 4387 nihil
549 4325 728 4403 invenitur,
770 4327 824 4407 qui
858 4329 974 4412 legem·
992 4329 1145 4394 Rosciam
1173 4335 1410 4408 commemorat,

273 4423 324 4508 36,
338 4431 390 4509 42,
413 4426 445 4491 in
469 4429 664 4508 exponendis
679 4430 877 4510 temporibus
901 4432 1015 4512 quibus
1030 4432 1098 4498 lata
1121 4440 1182 4515 est,
1205 4435 1409 4500 consentiens

274 4551 344 4606 cum
355 4532 456 4612 Liuio,
470 4533 611 4613 perioch.
629 4532 685 4599 lib.
702 4539 753 4616 99,
777 4541 810 4602 et
822 4537 892 4619 ejus
907 4543 1095 4621 excerptore
1108 4538 1231 4621 Velleio
1244 4540 1286 4605 IL
1303 4544 1355 4606 32.
1369 4575 1409 4596 -ψ
