3292 5070
833 425 874 488 28

360 593 444 662 Num
467 594 643 664 verisimile
666 594 899 681 videturesse,
922 613 994 662 oum
1017 595 1050 661 in
1071 595 1319 681 hypomnemate
1342 595 1422 667 haec'

273 701 529 781 praetermissei

363 807 412 870 De
435 804 544 872 verbis
569 803 620 888 „ot
644 805 671 867 δ’
694 804 746 868 ἀπ’
771 805 940 892 ἀνθρώπων
964 805 1103 890 μηνύσεις
1126 806 1251 892 ἀληθεῖς
1266 803 1319 892 μὲν
1334 807 1421 893 ἦσαν,

274 907 357 974 οὕτω
382 911 409 972 δ’
432 910 474 980 είς
496 907 619 994 ἔλεγχον
643 909 823 996 ἀποχρῶσαι
844 911 910 974 κατ’
934 909 1040 997 ἀνδρὸς
1056 911 1175 982 ἐνδόξου
1193 908 1242 976 καί
1259 912 1422 997 δυναμένου

276 1015 353 1098 μέγα
375 1019 428 1077 τοῦ
441 1011 618 1080 Kestros.
664 1015 704 1081 cl.
727 1016 759 1080 in
783 1016 879 1082 Catil.
903 1016 960 1081 lII.
978 1022 1008 1080 4.
1034 1017 1206 1100 „quoniam
1226 1017 1344 1084 vestris
1367 1036 1424 1084 au·

273 1117 363 1184 ribus
399 1125 534 1200 propter
565 1118 790 1185 incredibilem
819 1121 1071 1202 magnitudinem
1105 1120 1238 1187 sceleris
1267 1122 1421 1187 minorem

273 1221 369 1288 iidem
393 1223 517 1289 faceret
541 1225 645 1289 oratio
668 1222 772 1290 mea“.
818 1224 860 1290 cf.
885 1243 1010 1307 quoque
1032 1225 1064 1290 in
1089 1225 1184 1291 Catil.
1208 1226 1250 1291 11.
1267 1231 1296 1292 3.
1320 1259 1363 1274 -

360 1329 530 1411 Reliquam
553 1329 648 1409 hujus
678 1329 795 1410 capitis
818 1334 947 1410 partem
976 1328 1061 1411 apud
1086 1329 1272 1395 Ciceronem
1305 1331 1422 1397 iisdem

278 1432 347 1498 fere
372 1427 480 1499 verbis
503 1451 689 1514 expressam
713 1433 859 1518 legimus.
904 1435 944 1499 cl'.
968 1453 1027 1515 pro
1050 1434 1133 1500 Mur.
1159 1439 1286 1500 50-52
1296 1433 1334 1520 ¹).
1372 1436 1421 1502 Ne

274 1538 391 1622 longus
414 1538 485 1619 sim,
508 1538 621 1603 omitto
638 1538 763 1619 singula
786 1539 846 1603 hoc
869 1542 1019 1619 excepto;
1042 1538 1141 1603 miror
1157 1538 1241 1620 quod
1256 1539 1318 1603 viri
1334 1538 1421 1605 docti

274 1661 336 1707 non
360 1640 660 1707 animadverterunt
683 1642 959 1708 narratiunculam
981 1643 1070 1708 illam
1094 1642 1134 1708 de
1159 1641 1283 1709 dnobus
1308 1644 1421 1725 capiti·

273 1745 334 1812 bus
349 1751 485 1840 praeter
497 1746 705 1812 Plutarchum
721 1748 822 1812 solum
839 1747 1027 1813 Ciceronem
1043 1747 1218 1813 memoriae
1234 1746 1418 1831 tradidisse,

274 1853 359 1933 quod
383 1849 526 1933 perbene
549 1851 746 1916 sententiam
771 1855 915 1917 nostram
939 1851 1113 1917 defendere
1136 1851 1273 1918 videtur.
1301 1889 1335 1900 -

361 1956 399 2021 Iu
422 1956 528 2037 capite
551 1956 611 2021 XV
635 1956 833 2021 Plutarchus
852 1961 975 2034 narrat,
1008 1956 1161 2022 Crassum
1184 1961 1218 2021 et
1240 1957 1420 2038 complures

273 2060 397 2127 nobiles
420 2067 517 2127 noctu
538 2060 579 2126 ad
597 2060 782 2127 Ciceronem
798 2061 935 2139 venisse,
957 2065 994 2127 ut
1010 2079 1082 2126 eum
1097 2061 1138 2128 de
1154 2060 1274 2126 litteris
1290 2059 1419 2142 quibus·

274 2167 348 2230 dam
364 2166 537 2232 certiorem
554 2166 700 2232 facerent
718 2184 801 2248 quae
817 2166 1070 2248 conjurationem
1087 2164 1285 2232 indicabant.
1315 2167 1420 2232 Tenor

272 2270 443 2336 verborum
475 2270 545 2352 ipse
569 2271 756 2337 Ciceronem
788 2276 933 2336 autorem
966 2288 1039 2336 esse
1069 2270 1280 2349 demonstrat,
1312 2271 1419 2337 omnia

273 2376 358 2441 enim
390 2379 457 2441 tam
487 2374 667 2456 diligenter,
699 2379 860 2451 accurate,
889 2374 1042 2441 distincte
1071 2380 1282 2458 exponuntur,
1312 2381 1349 2441 ut
1376 2376 1418 2441 od

273 2479 371 2544 alium
402 2478 518 2544 referri
549 2478 636 2544 nullo
666 2477 760 2544 modo
791 2479 928 2560 possint.
974 2477 1013 2546 cf.
1048 2478 1125 2544 Sall.
1149 2479 1242 2545 Catil.
1267 2479 1417 2546 311111.

272 2575 363 2663 cujus
393 2584 511 2649 relatio
543 2603 562 2648 a
595 2583 769 2648 Plutarcho
804 2582 967 2663 abhorret,
997 2589 1031 2648 et
1063 2583 1154 2649 Cass.
1178 2583 1273 2649 Dion.
1298 2589 1349 2650 37.
1365 2591 1416 2650 31.

272 2689 326 2770 qui
348 2687 491 2754 breviter
512 2687 593 2753 haec
617 2687 759 2772 attingit.
796 2689 973 2754 Praetereo
992 2688 1185 2754 Plutarchus
1205 2688 1276 2770 ipse
1294 2688 1416 2755 fontem

272 2793 415 2858 nominat
439 2811 477 2859 eo
500 2792 580 2870 loco,
604 2811 699 2875 quem
721 2810 820 2873 supra
835 2793 939 2859 attuli.
985 2793 1042 2858 vit.
1067 2792 1186 2859 Crassi.
1204 2792 1284 2858 XIII
1306 2793 1358 2878 „to
1383 2790 1416 2856 δὲ

272 2903 314 2982 τῷ
338 2895 404 2982 περί
427 2895 568 2968 ὑπατείας
591 2893 766 2982 ὁιΚικέροιν
789 2895 904 2981 νύκτωρ
928 2893 1004 2982 φησὶ
1025 2893 1074 2960 τὸν
1090 2893 1229 2981 Κράσσον
1253 2896 1418 2983 ἀφικέσθαι

272 3001 344 3094 πρὸς
375 2999 463 3067 αὐτὸν
492 2999 649 3086 ἐπιστολὴν
678 3000 838 3086 νομίζοντα
868 2999 905 3065 τὰ
937 2999 1003 3086 περὶ
1032 2999 1081 3067 τὸν
1105 2998 1266 3066 Κατιλίναν
1288 3003 1414 3088 ἐξηγου-

273 3107 372 3193 μένην,
398 3111 439 3180 be
459 3107 521 3191 ἤδη
547 3107 723 3192 βεβαιοῦντα
743 3103 796 3190 τὴν
821 3105 1008 3191 συνωμοσίαν
1021 3105 1056 3189 ²).

356 3213 466 3280 Verba
486 3232 570 3296 quae
591 3211 685 3278 initio
707 3212 823 3294 capitis
845 3212 922 3278 XVI
944 3211 1080 3294 legimus
1106 3208 1161 3296 „rol
1175 3208 1226 3297 μὲν
1241 3209 1298 3282 ἔξω
1316 3207 1413 3297 πράγ-
1535 3299 1538 3306 Ι

273 3312 492 3402 ματα’Κοίντῳ
516 3314 663 3401 Μετέλλῳ
695 3315 898 3379 διεπίστευσε“
931 3319 1014 3379 κ.τ.λ.
1047 3320 1228 3398 repugnant
1261 3317 1414 3382 Sallustio

272 3423 311 3489 ci.
337 3423 407 3494 Cat.
431 3422 531 3489 XXX.
556 3426 651 3500 3-5,
678 3420 883 3487 inveniuntur
916 3422 1001 3503 apud
1033 3421 1230 3499 Ciceronem,
1264 3421 1305 3486 ad
1336 3421 1412 3487 fam.

271 3527 309 3595 V.
335 3531 364 3592 2.
399 3526 500 3612 „illud
533 3525 674 3607 adjunxi,
708 3525 787 3590 mihi
820 3531 928 3592 tecum
956 3526 1004 3591 ita
1034 3525 1241 3607 dispertitam
1274 3522 1413 3590 officium

271 3632 371 3698 luisse
394 3633 427 3696 in
449 3631 497 3696 rei
520 3629 667 3712 publicae
691 3631 795 3695 salute
817 3629 987 3696 retinenda
1009 3634 1046 3696 ut
1069 3649 1127 3710 ego
1143 3627 1413 3695 urbemadome·

272 3736 363 3802 sticis
385 3734 511 3801 insidiis
533 3740 567 3799 et
589 3733 631 3799 ab
654 3734 809 3800 intestino
823 3735 957 3812 scelere,
980 3739 1017 3800 tu
1031 3733 1160 3798 ltaliam
1176 3739 1210 3799 et
1224 3731 1265 3800 ab
1280 3733 1414 3799 armatis

271 3838 418 3906 hostibus
442 3844 475 3904 et
498 3837 538 3904 ab
564 3838 690 3904 occulta
714 3838 934 3920 conjuratIone
959 3837 1184 3904 defenderes“.

358 3943 466 4008 Etiam
495 3943 529 4008 in
551 3943 697 4009 oratione
717 3943 751 4008 in
775 3944 869 4010 Catil.
893 3944 935 4010 II.
960 3949 988 4022 5,
1009 3947 1060 4009 26.
1085 3963 1124 4009 ex
1148 3961 1257 4009 eorum
1281 3960 1414 4009 numero

272 4048 327 4130 qui
356 4047 389 4111 in
411 4050 522 4128 partes
544 4046 659 4111 Italiae
684 4045 726 4111 ad
756 4046 984 4128 opprimendos
1016 4046 1256 4128 conjuratorum
1280 4049 1414 4112 conatus

344 4202 370 4272 l)
389 4199 472 4254 Falso
490 4199 591 4270 Lagus,
616 4199 660 4256 81.
678 4199 823 4256 existimet
842 4200 999 4257 orationem
1017 4217 1069 4270 pro
1088 4201 1243 4257 Murenae
1262 4200 1416 4257 Plutarcho

272 4291 433 4360 excerptam
453 4305 521 4344 erse.

344 4377 423 4448 a)1n
442 4376 613 4431 contrarium
634 4377 766 4434 Bessorus
785 4395 833 4450 pg.
853 4379 895 4434 31.
915 4377 946 4434 ff.
972 4379 1110 4436 nonnulle
1128 4377 1237 4452 profert
1254 4393 1311 4433 non
1328 4375 1417 4450 digna.

273 4485 345 4542 quae
363 4465 531 4527 refutentur.
