<?xml version="1.0" encoding="UTF-8"?>
<!DOCTYPE html PUBLIC "-//W3C//DTD XHTML 1.0 Transitional//EN"
    "http://www.w3.org/TR/xhtml1/DTD/xhtml1-transitional.dtd">
<html xmlns="http://www.w3.org/1999/xhtml" xml:lang="en" lang="en">
 <head>
  <title>
</title>
<meta http-equiv="Content-Type" content="text/html;charset=utf-8" />
  <meta name='ocr-system' content='tesseract 3.04.00' />
  <meta name='ocr-capabilities' content='ocr_page ocr_carea ocr_par ocr_line ocrx_word'/>
</head>
<body>
  <div class='ocr_page' id='page_1' title='image "./deconjurationis00willgoog_0014.png"; bbox 0 0 3292 5070; ppageno 0'>
   <div class='ocr_carea' id='block_1_1' title="bbox 794 449 813 514">
    <p class='ocr_par' dir='ltr' id='par_1_1' title="bbox 794 449 813 514">
     <span class='ocr_line' id='line_1_1' title="bbox 794 449 813 514; baseline 0 0"><span class='ocrx_word' id='word_1_1' title='bbox 794 449 813 514; x_wconf 85' lang='lat'><strong>9</strong></span> 
     </span>
    </p>
   </div>
   <div class='ocr_carea' id='block_1_2' title="bbox 165 619 1379 1956">
    <p class='ocr_par' dir='ltr' id='par_1_2' title="bbox 165 619 1379 1956">
     <span class='ocr_line' id='line_1_2' title="bbox 235 619 1372 706; baseline 0.002 -22"><span class='ocrx_word' id='word_1_2' title='bbox 235 623 303 686; x_wconf 90' lang='lat' dir='ltr'>tum</span> <span class='ocrx_word' id='word_1_3' title='bbox 325 639 376 684; x_wconf 90' lang='lat' dir='ltr'>me</span> <span class='ocrx_word' id='word_1_4' title='bbox 400 620 458 686; x_wconf 92' lang='lat' dir='ltr'>abs</span> <span class='ocrx_word' id='word_1_5' title='bbox 481 626 514 685; x_wconf 92' lang='lat' dir='ltr'>te</span> <span class='ocrx_word' id='word_1_6' title='bbox 537 639 608 686; x_wconf 90' lang='lat' dir='ltr'>esse</span> <span class='ocrx_word' id='word_1_7' title='bbox 632 620 765 686; x_wconf 83' lang='lat' dir='ltr'><strong>diceres.</strong></span> <span class='ocrx_word' id='word_1_8' title='bbox 805 621 1002 703; x_wconf 80' lang='lat' dir='ltr'><strong>Quamquam</strong></span> <span class='ocrx_word' id='word_1_9' title='bbox 1025 627 1083 686; x_wconf 90' lang='lat' dir='ltr'>tua</span> <span class='ocrx_word' id='word_1_10' title='bbox 1107 620 1162 686; x_wconf 90' lang='lat' dir='ltr'>illa</span> <span class='ocrx_word' id='word_1_11' title='bbox 1185 619 1266 706; x_wconf 89' lang='lat' dir='ltr'>(legi</span> <span class='ocrx_word' id='word_1_12' title='bbox 1288 619 1372 686; x_wconf 90' lang='lat' dir='ltr'>enim</span> 
     </span>
     <span class='ocr_line' id='line_1_3' title="bbox 235 721 1375 808; baseline 0.003 -21"><span class='ocrx_word' id='word_1_13' title='bbox 235 721 388 804; x_wconf 75' lang='lat' dir='ltr'>libenter)</span> <span class='ocrx_word' id='word_1_14' title='bbox 404 725 569 790; x_wconf 91' lang='lat' dir='ltr'>horridula</span> <span class='ocrx_word' id='word_1_15' title='bbox 588 725 664 790; x_wconf 90' lang='lat' dir='ltr'>mihi</span> <span class='ocrx_word' id='word_1_16' title='bbox 681 731 778 808; x_wconf 89' lang='lat' dir='ltr'>atque</span> <span class='ocrx_word' id='word_1_17' title='bbox 794 727 957 807; x_wconf 89' lang='lat' dir='ltr'>incompta</span> <span class='ocrx_word' id='word_1_18' title='bbox 980 725 1048 791; x_wconf 89' lang='lat' dir='ltr'>visa</span> <span class='ocrx_word' id='word_1_19' title='bbox 1065 730 1154 806; x_wconf 80' lang='lat' dir='ltr'>sunt3</span> <span class='ocrx_word' id='word_1_20' title='bbox 1185 726 1243 791; x_wconf 88' lang='lat' dir='ltr'>sed</span> <span class='ocrx_word' id='word_1_21' title='bbox 1266 731 1375 791; x_wconf 87' lang='lat' dir='ltr'>tamen</span> 
     </span>
     <span class='ocr_line' id='line_1_4' title="bbox 238 830 1377 913; baseline 0.003 -20"><span class='ocrx_word' id='word_1_22' title='bbox 238 834 332 912; x_wconf 87' lang='lat' dir='ltr'>erant</span> <span class='ocrx_word' id='word_1_23' title='bbox 354 835 469 893; x_wconf 86' lang='lat' dir='ltr'>ornata</span> <span class='ocrx_word' id='word_1_24' title='bbox 495 830 554 894; x_wconf 92' lang='lat' dir='ltr'>hoc</span> <span class='ocrx_word' id='word_1_25' title='bbox 578 831 668 913; x_wconf 84' lang='lat' dir='ltr'>ipso,</span> <span class='ocrx_word' id='word_1_26' title='bbox 701 830 786 911; x_wconf 93' lang='lat' dir='ltr'>quod</span> <span class='ocrx_word' id='word_1_27' title='bbox 811 836 1001 896; x_wconf 89' lang='lat' dir='ltr'>ornamenta</span> <span class='ocrx_word' id='word_1_28' title='bbox 1024 830 1249 912; x_wconf 83' lang='lat' dir='ltr'>neglexerant,</span> <span class='ocrx_word' id='word_1_29' title='bbox 1284 834 1318 896; x_wconf 89' lang='lat' dir='ltr'>et</span> <span class='ocrx_word' id='word_1_30' title='bbox 1339 834 1377 896; x_wconf 88' lang='lat' dir='ltr'>ut</span> 
     </span>
     <span class='ocr_line' id='line_1_5' title="bbox 236 931 1376 1018; baseline 0.002 -22"><span class='ocrx_word' id='word_1_31' title='bbox 236 932 388 997; x_wconf 91' lang='lat' dir='ltr'>mulieres</span> <span class='ocrx_word' id='word_1_32' title='bbox 421 933 493 998; x_wconf 92' lang='lat' dir='ltr'>ideo</span> <span class='ocrx_word' id='word_1_33' title='bbox 528 931 609 999; x_wconf 90' lang='lat' dir='ltr'>bene</span> <span class='ocrx_word' id='word_1_34' title='bbox 643 935 747 1018; x_wconf 90' lang='lat' dir='ltr'>olere,</span> <span class='ocrx_word' id='word_1_35' title='bbox 786 935 860 1015; x_wconf 90' lang='lat' dir='ltr'>quia</span> <span class='ocrx_word' id='word_1_36' title='bbox 895 934 975 998; x_wconf 93' lang='lat' dir='ltr'>nihil</span> <span class='ocrx_word' id='word_1_37' title='bbox 1008 934 1136 1012; x_wconf 83' lang='lat' dir='ltr'>oleant,</span> <span class='ocrx_word' id='word_1_38' title='bbox 1172 931 1376 1000; x_wconf 88' lang='lat' dir='ltr'>videbantur.</span> 
     </span>
     <span class='ocr_line' id='line_1_6' title="bbox 238 1035 1376 1122; baseline 0.005 -24"><span class='ocrx_word' id='word_1_39' title='bbox 238 1035 330 1100; x_wconf 89' lang='lat' dir='ltr'>Meus</span> <span class='ocrx_word' id='word_1_40' title='bbox 364 1042 468 1101; x_wconf 88' lang='lat' dir='ltr'>autern</span> <span class='ocrx_word' id='word_1_41' title='bbox 500 1036 582 1100; x_wconf 91' lang='lat' dir='ltr'>liber</span> <span class='ocrx_word' id='word_1_42' title='bbox 614 1044 714 1102; x_wconf 88' lang='lat' dir='ltr'>totum</span> <span class='ocrx_word' id='word_1_43' title='bbox 746 1040 900 1104; x_wconf 90' lang='lat' dir='ltr'>Isocratis</span> <span class='ocrx_word' id='word_1_44' title='bbox 925 1038 1106 1122; x_wconf 75' lang='grc' dir='ltr'>μυροθήκιον</span> <span class='ocrx_word' id='word_1_45' title='bbox 1140 1043 1237 1120; x_wconf 89' lang='lat' dir='ltr'>atque</span> <span class='ocrx_word' id='word_1_46' title='bbox 1267 1057 1376 1104; x_wconf 89' lang='lat' dir='ltr'>omues</span> 
     </span>
     <span class='ocr_line' id='line_1_7' title="bbox 238 1139 1376 1227; baseline 0.002 -23"><span class='ocrx_word' id='word_1_47' title='bbox 238 1139 307 1220; x_wconf 88' lang='lat' dir='ltr'>ejus</span> <span class='ocrx_word' id='word_1_48' title='bbox 323 1140 551 1221; x_wconf 89' lang='lat' dir='ltr'>discipulorum</span> <span class='ocrx_word' id='word_1_49' title='bbox 568 1143 702 1220; x_wconf 89' lang='lat' dir='ltr'>arculas,</span> <span class='ocrx_word' id='word_1_50' title='bbox 727 1161 764 1208; x_wconf 88' lang='lat' dir='ltr'>ac</span> <span class='ocrx_word' id='word_1_51' title='bbox 788 1161 849 1208; x_wconf 91' lang='lat' dir='ltr'>uon</span> <span class='ocrx_word' id='word_1_52' title='bbox 872 1143 951 1207; x_wconf 87' lang='lat' dir='ltr'>nihil</span> <span class='ocrx_word' id='word_1_53' title='bbox 976 1143 1075 1208; x_wconf 88' lang='lat' dir='ltr'>etiam</span> <span class='ocrx_word' id='word_1_54' title='bbox 1091 1143 1281 1209; x_wconf 84' lang='lat' dir='ltr'>Aristotelia</span> <span class='ocrx_word' id='word_1_55' title='bbox 1303 1143 1376 1227; x_wconf 89' lang='lat' dir='ltr'>pig·</span> 
     </span>
     <span class='ocr_line' id='line_1_8' title="bbox 238 1246 1376 1329; baseline 0.005 -22"><span class='ocrx_word' id='word_1_56' title='bbox 238 1249 347 1308; x_wconf 88' lang='lat' dir='ltr'>menta</span> <span class='ocrx_word' id='word_1_57' title='bbox 369 1246 582 1326; x_wconf 84' lang='lat' dir='ltr'>consumpsit:</span> <span class='ocrx_word' id='word_1_58' title='bbox 609 1264 700 1326; x_wconf 91' lang='lat' dir='ltr'>quem</span> <span class='ocrx_word' id='word_1_59' title='bbox 725 1253 760 1313; x_wconf 90' lang='lat' dir='ltr'>tu</span> <span class='ocrx_word' id='word_1_60' title='bbox 784 1247 962 1329; x_wconf 80' lang='lat' dir='ltr'>Corcyrae,</span> <span class='ocrx_word' id='word_1_61' title='bbox 997 1253 1033 1312; x_wconf 91' lang='lat' dir='ltr'>ut</span> <span class='ocrx_word' id='word_1_62' title='bbox 1056 1247 1134 1312; x_wconf 85' lang='lat' dir='ltr'>milri</span> <span class='ocrx_word' id='word_1_63' title='bbox 1158 1247 1231 1312; x_wconf 89' lang='lat' dir='ltr'>aliis</span> <span class='ocrx_word' id='word_1_64' title='bbox 1254 1248 1376 1313; x_wconf 90' lang='lat' dir='ltr'>litteris</span> 
     </span>
     <span class='ocr_line' id='line_1_9' title="bbox 238 1347 1378 1435; baseline 0.002 -22"><span class='ocrx_word' id='word_1_65' title='bbox 238 1347 398 1428; x_wconf 88' lang='lat' dir='ltr'>significas</span> <span class='ocrx_word' id='word_1_66' title='bbox 442 1350 578 1414; x_wconf 89' lang='lat' dir='ltr'>strictim</span> <span class='ocrx_word' id='word_1_67' title='bbox 613 1351 770 1435; x_wconf 84' lang='lat' dir='ltr'>attigisti;</span> <span class='ocrx_word' id='word_1_68' title='bbox 812 1359 886 1432; x_wconf 90' lang='lat' dir='ltr'>post</span> <span class='ocrx_word' id='word_1_69' title='bbox 927 1357 1035 1416; x_wconf 87' lang='lat' dir='ltr'>autem</span> <span class='ocrx_word' id='word_1_70' title='bbox 1088 1356 1124 1415; x_wconf 91' lang='lat' dir='ltr'>ut</span> <span class='ocrx_word' id='word_1_71' title='bbox 1172 1349 1314 1415; x_wconf 90' lang='lat' dir='ltr'>arbitror</span> <span class='ocrx_word' id='word_1_72' title='bbox 1358 1368 1378 1415; x_wconf 91' lang='lat' dir='ltr'>a</span> 
     </span>
     <span class='ocr_line' id='line_1_10' title="bbox 239 1452 1377 1539; baseline 0.001 -22"><span class='ocrx_word' id='word_1_73' title='bbox 239 1452 385 1518; x_wconf 80' lang='lat' dir='ltr'>Cossinio</span> <span class='ocrx_word' id='word_1_74' title='bbox 408 1455 581 1535; x_wconf 86' lang='lat' dir='ltr'>accepisti,</span> <span class='ocrx_word' id='word_1_75' title='bbox 616 1473 708 1535; x_wconf 91' lang='lat' dir='ltr'>quem</span> <span class='ocrx_word' id='word_1_76' title='bbox 733 1455 791 1520; x_wconf 90' lang='lat' dir='ltr'>tibi</span> <span class='ocrx_word' id='word_1_77' title='bbox 816 1473 878 1539; x_wconf 90' lang='lat' dir='ltr'>ego</span> <span class='ocrx_word' id='word_1_78' title='bbox 902 1474 962 1519; x_wconf 94' lang='lat' dir='ltr'>non</span> <span class='ocrx_word' id='word_1_79' title='bbox 988 1472 1092 1520; x_wconf 88' lang='lat' dir='ltr'>essem</span> <span class='ocrx_word' id='word_1_80' title='bbox 1116 1473 1213 1519; x_wconf 91' lang='lat' dir='ltr'>ausus</span> <span class='ocrx_word' id='word_1_81' title='bbox 1237 1454 1377 1536; x_wconf 91' lang='lat' dir='ltr'>mittere,</span> 
     </span>
     <span class='ocr_line' id='line_1_11' title="bbox 165 1557 1377 1640; baseline 0.002 -21"><span class='ocrx_word' id='word_1_82' title='bbox 165 1627 168 1632; x_wconf 52' lang='grc'><strong>,</strong></span> <span class='ocrx_word' id='word_1_83' title='bbox 238 1557 301 1620; x_wconf 90' lang='lat' dir='ltr'>nisi</span> <span class='ocrx_word' id='word_1_84' title='bbox 334 1577 405 1622; x_wconf 79' lang='lat' dir='ltr'>erum</span> <span class='ocrx_word' id='word_1_85' title='bbox 439 1559 525 1623; x_wconf 89' lang='lat' dir='ltr'>lente</span> <span class='ocrx_word' id='word_1_86' title='bbox 563 1565 596 1623; x_wconf 91' lang='lat' dir='ltr'>et</span> <span class='ocrx_word' id='word_1_87' title='bbox 628 1559 797 1624; x_wconf 85' lang='lat' dir='ltr'>fastidiose</span> <span class='ocrx_word' id='word_1_88' title='bbox 821 1559 1050 1640; x_wconf 83' lang='lat' dir='ltr'>probavissem.</span> <span class='ocrx_word' id='word_1_89' title='bbox 1103 1559 1302 1640; x_wconf 79' lang='lat' dir='ltr'>Quamquam</span> <span class='ocrx_word' id='word_1_90' title='bbox 1337 1557 1377 1622; x_wconf 92' lang='lat' dir='ltr'>ad</span> 
     </span>
     <span class='ocr_line' id='line_1_12' title="bbox 239 1661 1378 1746; baseline -0.001 -22"><span class='ocrx_word' id='word_1_91' title='bbox 239 1677 290 1724; x_wconf 93' lang='lat' dir='ltr'>me</span> <span class='ocrx_word' id='word_1_92' title='bbox 314 1663 483 1742; x_wconf 87' lang='lat' dir='ltr'>rescripsit</span> <span class='ocrx_word' id='word_1_93' title='bbox 503 1663 569 1743; x_wconf 86' lang='lat' dir='ltr'>jam</span> <span class='ocrx_word' id='word_1_94' title='bbox 594 1662 705 1726; x_wconf 88' lang='lat' dir='ltr'>Rhodo</span> <span class='ocrx_word' id='word_1_95' title='bbox 728 1663 930 1741; x_wconf 86' lang='lat' dir='ltr'>Posidonius,</span> <span class='ocrx_word' id='word_1_96' title='bbox 955 1681 989 1727; x_wconf 86' lang='lat' dir='ltr'>se</span> <span class='ocrx_word' id='word_1_97' title='bbox 1013 1666 1159 1728; x_wconf 88' lang='lat' dir='ltr'>nostrum</span> <span class='ocrx_word' id='word_1_98' title='bbox 1181 1662 1260 1728; x_wconf 91' lang='lat' dir='ltr'>illud</span> <span class='ocrx_word' id='word_1_99' title='bbox 1285 1661 1378 1746; x_wconf 81' lang='grc' dir='ltr'>ὑπόμ-</span> 
     </span>
     <span class='ocr_line' id='line_1_13' title="bbox 239 1766 1379 1848; baseline 0.003 -22"><span class='ocrx_word' id='word_1_100' title='bbox 239 1786 320 1848; x_wconf 82' lang='grc' dir='ltr'>νημα</span> <span class='ocrx_word' id='word_1_101' title='bbox 343 1783 439 1846; x_wconf 90' lang='lat' dir='ltr'>quum</span> <span class='ocrx_word' id='word_1_102' title='bbox 461 1767 594 1848; x_wconf 85' lang='lat' dir='ltr'>legeret,</span> <span class='ocrx_word' id='word_1_103' title='bbox 618 1767 702 1847; x_wconf 92' lang='lat' dir='ltr'>quod</span> <span class='ocrx_word' id='word_1_104' title='bbox 727 1787 785 1848; x_wconf 89' lang='lat' dir='ltr'>ego</span> <span class='ocrx_word' id='word_1_105' title='bbox 810 1767 850 1833; x_wconf 91' lang='lat' dir='ltr'>ad</span> <span class='ocrx_word' id='word_1_106' title='bbox 875 1787 956 1846; x_wconf 91' lang='lat' dir='ltr'>eum,</span> <span class='ocrx_word' id='word_1_107' title='bbox 979 1773 1015 1833; x_wconf 88' lang='lat' dir='ltr'>ut</span> <span class='ocrx_word' id='word_1_108' title='bbox 1032 1767 1176 1832; x_wconf 89' lang='lat' dir='ltr'>ornatius</span> <span class='ocrx_word' id='word_1_109' title='bbox 1200 1768 1240 1832; x_wconf 91' lang='lat' dir='ltr'>de</span> <span class='ocrx_word' id='word_1_110' title='bbox 1264 1766 1379 1831; x_wconf 91' lang='lat' dir='ltr'>iisdem</span> 
     </span>
     <span class='ocr_line' id='line_1_14' title="bbox 238 1872 1379 1956; baseline 0 -18"><span class='ocrx_word' id='word_1_111' title='bbox 238 1872 336 1938; x_wconf 90' lang='lat' dir='ltr'>rebus</span> <span class='ocrx_word' id='word_1_112' title='bbox 360 1873 528 1956; x_wconf 84' lang='lat' dir='ltr'>scriberet,</span> <span class='ocrx_word' id='word_1_113' title='bbox 551 1876 717 1954; x_wconf 85' lang='lat' dir='ltr'>miseram,</span> <span class='ocrx_word' id='word_1_114' title='bbox 752 1895 813 1940; x_wconf 91' lang='lat' dir='ltr'>non</span> <span class='ocrx_word' id='word_1_115' title='bbox 836 1876 930 1940; x_wconf 94' lang='lat' dir='ltr'>modo</span> <span class='ocrx_word' id='word_1_116' title='bbox 954 1894 1015 1939; x_wconf 93' lang='lat' dir='ltr'>non</span> <span class='ocrx_word' id='word_1_117' title='bbox 1038 1875 1212 1940; x_wconf 85' lang='lat' dir='ltr'>excitatum</span> <span class='ocrx_word' id='word_1_118' title='bbox 1237 1893 1309 1939; x_wconf 91' lang='lat' dir='ltr'>esse</span> <span class='ocrx_word' id='word_1_119' title='bbox 1338 1873 1379 1938; x_wconf 90' lang='lat' dir='ltr'>ad</span> 
     </span>
    </p>
   </div>
   <div class='ocr_carea' id='block_1_3' title="bbox 240 1977 1490 2066">
    <p class='ocr_par' dir='ltr' id='par_1_3' title="bbox 240 1977 1490 2066">
     <span class='ocr_line' id='line_1_15' title="bbox 240 1977 1490 2066; baseline -0.003 -21"><span class='ocrx_word' id='word_1_120' title='bbox 240 1977 443 2045; x_wconf 85' lang='lat' dir='ltr'>scribendum</span> <span class='ocrx_word' id='word_1_121' title='bbox 467 1979 637 2044; x_wconf 89' lang='lat' dir='ltr'>sedetiam</span> <span class='ocrx_word' id='word_1_122' title='bbox 660 1981 989 2061; x_wconf 89' lang='lat' dir='ltr'>planeperterritum.</span> <span class='ocrx_word' id='word_1_123' title='bbox 1028 1979 1109 2056; x_wconf 82' lang='lat' dir='ltr'>Quid</span> <span class='ocrx_word' id='word_1_124' title='bbox 1127 1979 1280 2060; x_wconf 80' lang='lat' dir='ltr'>quaeris?</span> <span class='ocrx_word' id='word_1_125' title='bbox 1304 1997 1378 2042; x_wconf 92' lang='lat' dir='ltr'>con·</span> <span class='ocrx_word' id='word_1_126' title='bbox 1487 2061 1490 2066; x_wconf 19' lang='grc' dir='ltr'>ι</span> 
     </span>
    </p>
   </div>
   <div class='ocr_carea' id='block_1_4' title="bbox 240 2081 1386 3524">
    <p class='ocr_par' dir='ltr' id='par_1_4' title="bbox 240 2081 1381 2567">
     <span class='ocr_line' id='line_1_16' title="bbox 240 2081 1380 2165; baseline -0.001 -18"><span class='ocrx_word' id='word_1_127' title='bbox 240 2081 368 2148; x_wconf 90' lang='lat' dir='ltr'>turbavi</span> <span class='ocrx_word' id='word_1_128' title='bbox 382 2083 538 2148; x_wconf 87' lang='lat' dir='ltr'>Graecam</span> <span class='ocrx_word' id='word_1_129' title='bbox 554 2085 726 2148; x_wconf 90' lang='lat' dir='ltr'>nationem.</span> <span class='ocrx_word' id='word_1_130' title='bbox 762 2085 813 2148; x_wconf 92' lang='lat' dir='ltr'>Ita</span> <span class='ocrx_word' id='word_1_131' title='bbox 827 2085 920 2165; x_wconf 89' lang='lat' dir='ltr'>vulgo</span> <span class='ocrx_word' id='word_1_132' title='bbox 945 2083 998 2164; x_wconf 91' lang='lat' dir='ltr'>qui</span> <span class='ocrx_word' id='word_1_133' title='bbox 1011 2082 1186 2162; x_wconf 86' lang='lat' dir='ltr'>instabant,</span> <span class='ocrx_word' id='word_1_134' title='bbox 1208 2090 1245 2148; x_wconf 91' lang='lat' dir='ltr'>ut</span> <span class='ocrx_word' id='word_1_135' title='bbox 1268 2084 1380 2148; x_wconf 90' lang='lat' dir='ltr'>darem</span> 
     </span>
     <span class='ocr_line' id='line_1_17' title="bbox 241 2187 1380 2270; baseline 0.002 -18"><span class='ocrx_word' id='word_1_136' title='bbox 241 2187 301 2252; x_wconf 89' lang='lat' dir='ltr'>sibi</span> <span class='ocrx_word' id='word_1_137' title='bbox 325 2189 407 2269; x_wconf 92' lang='lat' dir='ltr'>quod</span> <span class='ocrx_word' id='word_1_138' title='bbox 425 2195 587 2266; x_wconf 91' lang='lat' dir='ltr'>ornarent,</span> <span class='ocrx_word' id='word_1_139' title='bbox 608 2189 677 2270; x_wconf 92' lang='lat' dir='ltr'>jam</span> <span class='ocrx_word' id='word_1_140' title='bbox 693 2188 844 2253; x_wconf 86' lang='lat' dir='ltr'>exhibere</span> <span class='ocrx_word' id='word_1_141' title='bbox 869 2189 945 2252; x_wconf 91' lang='lat' dir='ltr'>mihi</span> <span class='ocrx_word' id='word_1_142' title='bbox 967 2189 1148 2253; x_wconf 90' lang='lat' dir='ltr'>molestiam</span> <span class='ocrx_word' id='word_1_143' title='bbox 1173 2188 1380 2254; x_wconf 89' lang='lat' dir='ltr'>destiterunt.</span> 
     </span>
     <span class='ocr_line' id='line_1_18' title="bbox 242 2291 1380 2374; baseline -0.001 -17"><span class='ocrx_word' id='word_1_144' title='bbox 242 2293 288 2358; x_wconf 89' lang='lat' dir='ltr'>Tu</span> <span class='ocrx_word' id='word_1_145' title='bbox 312 2293 340 2357; x_wconf 90' lang='lat' dir='ltr'>si</span> <span class='ocrx_word' id='word_1_146' title='bbox 363 2294 521 2374; x_wconf 88' lang='lat' dir='ltr'>placuerit</span> <span class='ocrx_word' id='word_1_147' title='bbox 545 2291 636 2374; x_wconf 89' lang='lat' dir='ltr'>liber,</span> <span class='ocrx_word' id='word_1_148' title='bbox 661 2291 807 2374; x_wconf 89' lang='lat' dir='ltr'>curabis,</span> <span class='ocrx_word' id='word_1_149' title='bbox 841 2298 876 2358; x_wconf 90' lang='lat' dir='ltr'>ut</span> <span class='ocrx_word' id='word_1_150' title='bbox 900 2297 933 2357; x_wconf 89' lang='lat' dir='ltr'>et</span> <span class='ocrx_word' id='word_1_151' title='bbox 957 2292 1092 2357; x_wconf 79' lang='lat' dir='ltr'>Athenis</span> <span class='ocrx_word' id='word_1_152' title='bbox 1115 2293 1158 2357; x_wconf 91' lang='lat' dir='ltr'>sit</span> <span class='ocrx_word' id='word_1_153' title='bbox 1182 2293 1269 2357; x_wconf 88' lang='lat' dir='ltr'>etin</span> <span class='ocrx_word' id='word_1_154' title='bbox 1293 2297 1380 2356; x_wconf 90' lang='lat' dir='ltr'>cete-</span> 
     </span>
     <span class='ocr_line' id='line_1_19' title="bbox 240 2395 1381 2486; baseline -0.001 -25"><span class='ocrx_word' id='word_1_155' title='bbox 240 2398 286 2462; x_wconf 90' lang='lat' dir='ltr'>ris</span> <span class='ocrx_word' id='word_1_156' title='bbox 319 2398 445 2478; x_wconf 88' lang='lat' dir='ltr'>oppidis</span> <span class='ocrx_word' id='word_1_157' title='bbox 478 2397 643 2462; x_wconf 87' lang='lat' dir='ltr'>Graeciae.</span> <span class='ocrx_word' id='word_1_158' title='bbox 688 2395 826 2461; x_wconf 88' lang='lat' dir='ltr'>Videtur</span> <span class='ocrx_word' id='word_1_159' title='bbox 856 2397 939 2460; x_wconf 87' lang='lat' dir='ltr'>enim</span> <span class='ocrx_word' id='word_1_160' title='bbox 971 2414 1066 2476; x_wconf 92' lang='lat' dir='ltr'>posse</span> <span class='ocrx_word' id='word_1_161' title='bbox 1107 2395 1228 2486; x_wconf 88' lang='lat' dir='ltr'>aliquid</span> <span class='ocrx_word' id='word_1_162' title='bbox 1260 2395 1381 2461; x_wconf 89' lang='lat' dir='ltr'>nostris</span> 
     </span>
     <span class='ocr_line' id='line_1_20' title="bbox 240 2499 611 2567; baseline -0.003 -1"><span class='ocrx_word' id='word_1_163' title='bbox 240 2501 338 2567; x_wconf 89' lang='lat' dir='ltr'>rebus</span> <span class='ocrx_word' id='word_1_164' title='bbox 360 2502 441 2567; x_wconf 89' lang='lat' dir='ltr'>lucis</span> <span class='ocrx_word' id='word_1_165' title='bbox 464 2499 611 2567; x_wconf 85' lang='lat' dir='ltr'>afferre.“</span> 
     </span>
    </p>

    <p class='ocr_par' dir='ltr' id='par_1_5' title="bbox 242 2604 1386 3524">
     <span class='ocr_line' id='line_1_21' title="bbox 328 2604 1380 2687; baseline -0.001 -18"><span class='ocrx_word' id='word_1_166' title='bbox 328 2605 523 2685; x_wconf 90' lang='lat' dir='ltr'>Repetamus</span> <span class='ocrx_word' id='word_1_167' title='bbox 541 2605 610 2686; x_wconf 87' lang='lat' dir='ltr'>jam</span> <span class='ocrx_word' id='word_1_168' title='bbox 632 2605 757 2687; x_wconf 89' lang='lat' dir='ltr'>paucis,</span> <span class='ocrx_word' id='word_1_169' title='bbox 793 2605 868 2686; x_wconf 93' lang='lat' dir='ltr'>quid</span> <span class='ocrx_word' id='word_1_170' title='bbox 898 2624 936 2670; x_wconf 86' lang='lat' dir='ltr'>ex</span> <span class='ocrx_word' id='word_1_171' title='bbox 965 2605 1016 2670; x_wconf 89' lang='lat' dir='ltr'>his</span> <span class='ocrx_word' id='word_1_172' title='bbox 1047 2605 1126 2670; x_wconf 92' lang='lat' dir='ltr'>locis</span> <span class='ocrx_word' id='word_1_173' title='bbox 1157 2604 1197 2670; x_wconf 90' lang='lat' dir='ltr'>de</span> <span class='ocrx_word' id='word_1_174' title='bbox 1221 2623 1380 2670; x_wconf 92' lang='lat' dir='ltr'>commen-</span> 
     </span>
     <span class='ocr_line' id='line_1_22' title="bbox 242 2709 1381 2792; baseline 0 -19"><span class='ocrx_word' id='word_1_175' title='bbox 242 2709 335 2775; x_wconf 89' lang='lat' dir='ltr'>tariis</span> <span class='ocrx_word' id='word_1_176' title='bbox 351 2710 502 2789; x_wconf 85' lang='lat' dir='ltr'>colligere</span> <span class='ocrx_word' id='word_1_177' title='bbox 524 2715 558 2773; x_wconf 91' lang='lat' dir='ltr'>et</span> <span class='ocrx_word' id='word_1_178' title='bbox 574 2728 767 2792; x_wconf 86' lang='lat' dir='ltr'>cognoscere</span> <span class='ocrx_word' id='word_1_179' title='bbox 782 2709 950 2790; x_wconf 87' lang='lat' dir='ltr'>possimus.</span> <span class='ocrx_word' id='word_1_180' title='bbox 986 2709 1243 2775; x_wconf 78' lang='lat' dir='ltr'>Commentarius</span> <span class='ocrx_word' id='word_1_181' title='bbox 1256 2709 1381 2774; x_wconf 84' lang='lat' dir='ltr'>Graece</span> 
     </span>
     <span class='ocr_line' id='line_1_23' title="bbox 242 2812 1383 2897; baseline -0.002 -18"><span class='ocrx_word' id='word_1_182' title='bbox 242 2815 398 2896; x_wconf 89' lang='lat' dir='ltr'>scriptus,</span> <span class='ocrx_word' id='word_1_183' title='bbox 431 2814 498 2878; x_wconf 87' lang='lat' dir='ltr'>sive</span> <span class='ocrx_word' id='word_1_184' title='bbox 519 2812 747 2897; x_wconf 88' lang='lat' dir='ltr'>hypomnema,</span> <span class='ocrx_word' id='word_1_185' title='bbox 779 2813 884 2878; x_wconf 90' lang='lat' dir='ltr'>editus</span> <span class='ocrx_word' id='word_1_186' title='bbox 917 2818 968 2878; x_wconf 88' lang='lat' dir='ltr'>est</span> <span class='ocrx_word' id='word_1_187' title='bbox 998 2813 1041 2878; x_wconf 87' lang='lat' dir='ltr'>id.</span> <span class='ocrx_word' id='word_1_188' title='bbox 1072 2813 1169 2878; x_wconf 89' lang='lat' dir='ltr'>Mart.</span> <span class='ocrx_word' id='word_1_189' title='bbox 1195 2813 1270 2878; x_wconf 89' lang='lat' dir='ltr'>anni</span> <span class='ocrx_word' id='word_1_190' title='bbox 1299 2831 1327 2876; x_wconf 87' lang='lat' dir='ltr'>a.</span> <span class='ocrx_word' id='word_1_191' title='bbox 1352 2832 1383 2877; x_wconf 93' lang='lat' dir='ltr'>u.</span> 
     </span>
     <span class='ocr_line' id='line_1_24' title="bbox 244 2915 1382 2998; baseline -0.003 -16"><span class='ocrx_word' id='word_1_192' title='bbox 244 2923 322 2996; x_wconf 83' lang='grc'>694,</span> <span class='ocrx_word' id='word_1_193' title='bbox 356 2937 425 2982; x_wconf 92' lang='lat' dir='ltr'>cum</span> <span class='ocrx_word' id='word_1_194' title='bbox 451 2917 696 2982; x_wconf 89' lang='lat' dir='ltr'>commentarius</span> <span class='ocrx_word' id='word_1_195' title='bbox 720 2917 836 2982; x_wconf 88' lang='lat' dir='ltr'>Latine</span> <span class='ocrx_word' id='word_1_196' title='bbox 860 2918 1001 2998; x_wconf 88' lang='lat' dir='ltr'>scriptus</span> <span class='ocrx_word' id='word_1_197' title='bbox 1032 2923 1065 2982; x_wconf 90' lang='lat' dir='ltr'>et</span> <span class='ocrx_word' id='word_1_198' title='bbox 1095 2922 1209 2998; x_wconf 71' lang='lat' dir='ltr'>poema</span> <span class='ocrx_word' id='word_1_199' title='bbox 1244 2915 1382 2981; x_wconf 92' lang='lat' dir='ltr'>nondum</span> 
     </span>
     <span class='ocr_line' id='line_1_25' title="bbox 243 3021 1383 3104; baseline -0.003 -16"><span class='ocrx_word' id='word_1_200' title='bbox 243 3023 388 3104; x_wconf 88' lang='lat' dir='ltr'>perfecta</span> <span class='ocrx_word' id='word_1_201' title='bbox 411 3029 529 3087; x_wconf 86' lang='lat' dir='ltr'>essent.</span> <span class='ocrx_word' id='word_1_202' title='bbox 570 3023 798 3088; x_wconf 71' lang='lat' dir='ltr'>commentarii</span> <span class='ocrx_word' id='word_1_203' title='bbox 815 3023 923 3087; x_wconf 91' lang='lat' dir='ltr'>Latini</span> <span class='ocrx_word' id='word_1_204' title='bbox 947 3028 1061 3103; x_wconf 90' lang='lat' dir='ltr'>postea</span> <span class='ocrx_word' id='word_1_205' title='bbox 1083 3040 1241 3103; x_wconf 90' lang='lat' dir='ltr'>nusquam</span> <span class='ocrx_word' id='word_1_206' title='bbox 1262 3021 1383 3087; x_wconf 88' lang='lat' dir='ltr'>mentio</span> 
     </span>
     <span class='ocr_line' id='line_1_26' title="bbox 243 3129 1382 3214; baseline -0.002 -18"><span class='ocrx_word' id='word_1_207' title='bbox 243 3130 289 3214; x_wconf 87' lang='lat' dir='ltr'>fit,</span> <span class='ocrx_word' id='word_1_208' title='bbox 313 3149 383 3196; x_wconf 90' lang='lat' dir='ltr'>cum</span> <span class='ocrx_word' id='word_1_209' title='bbox 402 3132 612 3212; x_wconf 88' lang='lat' dir='ltr'>hypomnema</span> <span class='ocrx_word' id='word_1_210' title='bbox 628 3129 752 3196; x_wconf 91' lang='lat' dir='ltr'>duobus</span> <span class='ocrx_word' id='word_1_211' title='bbox 775 3131 854 3195; x_wconf 89' lang='lat' dir='ltr'>locis</span> <span class='ocrx_word' id='word_1_212' title='bbox 878 3130 1082 3196; x_wconf 89' lang='lat' dir='ltr'>aPlutarcho</span> <span class='ocrx_word' id='word_1_213' title='bbox 1105 3135 1382 3214; x_wconf 89' lang='lat' dir='ltr'>commemoretur,</span> 
     </span>
     <span class='ocr_line' id='line_1_27' title="bbox 245 3234 1384 3320; baseline -0.001 -19"><span class='ocrx_word' id='word_1_214' title='bbox 245 3235 508 3301; x_wconf 87' lang='lat' dir='ltr'>commentarium</span> <span class='ocrx_word' id='word_1_215' title='bbox 547 3235 666 3300; x_wconf 90' lang='lat' dir='ltr'>editum</span> <span class='ocrx_word' id='word_1_216' title='bbox 708 3254 780 3300; x_wconf 88' lang='lat' dir='ltr'>esse</span> <span class='ocrx_word' id='word_1_217' title='bbox 818 3241 892 3300; x_wconf 90' lang='lat' dir='ltr'>ante</span> <span class='ocrx_word' id='word_1_218' title='bbox 925 3241 1061 3318; x_wconf 70' lang='lat' dir='ltr'>poema,</span> <span class='ocrx_word' id='word_1_219' title='bbox 1096 3234 1194 3301; x_wconf 89' lang='lat' dir='ltr'>verba</span> <span class='ocrx_word' id='word_1_220' title='bbox 1231 3235 1384 3320; x_wconf 89' lang='lat' dir='ltr'>,tertium</span> 
     </span>
     <span class='ocr_line' id='line_1_28' title="bbox 244 3338 1382 3425; baseline -0.001 -20"><span class='ocrx_word' id='word_1_221' title='bbox 244 3346 358 3422; x_wconf 72' lang='lat' dir='ltr'>poema</span> <span class='ocrx_word' id='word_1_222' title='bbox 380 3339 587 3419; x_wconf 82' lang='lat' dir='ltr'>exspectato“</span> <span class='ocrx_word' id='word_1_223' title='bbox 613 3338 795 3423; x_wconf 87' lang='lat' dir='ltr'>significare</span> <span class='ocrx_word' id='word_1_224' title='bbox 818 3339 968 3405; x_wconf 89' lang='lat' dir='ltr'>videntur</span> <span class='ocrx_word' id='word_1_225' title='bbox 979 3339 1013 3425; x_wconf 88' lang='lat'>¹).</span> <span class='ocrx_word' id='word_1_226' title='bbox 1052 3339 1164 3422; x_wconf 87' lang='lat' dir='ltr'>Neque</span> <span class='ocrx_word' id='word_1_227' title='bbox 1187 3359 1263 3406; x_wconf 88' lang='lat' dir='ltr'>vero</span> <span class='ocrx_word' id='word_1_228' title='bbox 1286 3340 1382 3420; x_wconf 91' lang='lat' dir='ltr'>plane</span> 
     </span>
     <span class='ocr_line' id='line_1_29' title="bbox 246 3441 1386 3524; baseline -0.003 -14"><span class='ocrx_word' id='word_1_229' title='bbox 246 3447 395 3521; x_wconf 89' lang='lat' dir='ltr'>constat,</span> <span class='ocrx_word' id='word_1_230' title='bbox 428 3460 489 3524; x_wconf 92' lang='lat' dir='ltr'>quo</span> <span class='ocrx_word' id='word_1_231' title='bbox 512 3449 677 3523; x_wconf 89' lang='lat' dir='ltr'>temporae</span> <span class='ocrx_word' id='word_1_232' title='bbox 700 3449 814 3524; x_wconf 79' lang='lat' dir='ltr'>pobma</span> <span class='ocrx_word' id='word_1_233' title='bbox 838 3443 958 3508; x_wconf 90' lang='lat' dir='ltr'>editum</span> <span class='ocrx_word' id='word_1_234' title='bbox 985 3443 1046 3522; x_wconf 90' lang='lat' dir='ltr'>sit,</span> <span class='ocrx_word' id='word_1_235' title='bbox 1080 3463 1190 3510; x_wconf 89' lang='lat' dir='ltr'>mense</span> <span class='ocrx_word' id='word_1_236' title='bbox 1214 3441 1386 3508; x_wconf 87' lang='lat' dir='ltr'>Decembri</span> 
     </span>
    </p>
   </div>
   <div class='ocr_carea' id='block_1_5' title="bbox 245 3642 1392 4449">
    <p class='ocr_par' dir='ltr' id='par_1_6' title="bbox 245 3642 1392 4449">
     <span class='ocr_line' id='line_1_30' title="bbox 318 3642 1384 3731; baseline -0.001 -16"><span class='ocrx_word' id='word_1_237' title='bbox 318 3661 344 3730; x_wconf 78' lang='lat' dir='ltr'>l)</span> <span class='ocrx_word' id='word_1_238' title='bbox 363 3660 540 3714; x_wconf 85' lang='lat' dir='ltr'>Drumannue</span> <span class='ocrx_word' id='word_1_239' title='bbox 558 3659 737 3724; x_wconf 83' lang='lat' dir='ltr'>(Gesohichte</span> <span class='ocrx_word' id='word_1_240' title='bbox 755 3660 848 3714; x_wconf 88' lang='lat' dir='ltr'>Rom’s</span> <span class='ocrx_word' id='word_1_241' title='bbox 866 3663 934 3714; x_wconf 86' lang='lat' dir='ltr'>tom.</span> <span class='ocrx_word' id='word_1_242' title='bbox 953 3659 986 3716; x_wconf 88' lang='lat' dir='ltr'>V.</span> <span class='ocrx_word' id='word_1_243' title='bbox 1005 3679 1052 3731; x_wconf 85' lang='lat' dir='ltr'>pg.</span> <span class='ocrx_word' id='word_1_244' title='bbox 1072 3661 1135 3730; x_wconf 89' lang='grc'>601)</span> <span class='ocrx_word' id='word_1_245' title='bbox 1154 3642 1384 3716; x_wconf 55' lang='grc' dir='ltr'>νθτίεἰωίἰᾶοεεο</span> 
     </span>
     <span class='ocr_line' id='line_1_31' title="bbox 245 3749 1386 3820; baseline -0.003 -13"><span class='ocrx_word' id='word_1_246' title='bbox 245 3749 427 3815; x_wconf 82' lang='lat' dir='ltr'>existimavit,</span> <span class='ocrx_word' id='word_1_247' title='bbox 447 3749 608 3804; x_wconf 80' lang='lat' dir='ltr'>ciceronem</span> <span class='ocrx_word' id='word_1_248' title='bbox 627 3749 859 3804; x_wconf 84' lang='lat' dir='ltr'>commentarium</span> <span class='ocrx_word' id='word_1_249' title='bbox 879 3749 1011 3804; x_wconf 84' lang='lat' dir='ltr'>Latinum</span> <span class='ocrx_word' id='word_1_250' title='bbox 1035 3767 1090 3805; x_wconf 92' lang='lat' dir='ltr'>non</span> <span class='ocrx_word' id='word_1_251' title='bbox 1117 3750 1153 3803; x_wconf 83' lang='lat' dir='ltr'>ad</span> <span class='ocrx_word' id='word_1_252' title='bbox 1180 3751 1264 3805; x_wconf 87' lang='lat' dir='ltr'>finem</span> <span class='ocrx_word' id='word_1_253' title='bbox 1284 3749 1386 3820; x_wconf 85' lang='lat' dir='ltr'>perdu-</span> 
     </span>
     <span class='ocr_line' id='line_1_32' title="bbox 246 3841 1385 3912; baseline -0.002 -13"><span class='ocrx_word' id='word_1_254' title='bbox 246 3845 327 3911; x_wconf 85' lang='lat' dir='ltr'>xisse,</span> <span class='ocrx_word' id='word_1_255' title='bbox 345 3843 413 3910; x_wconf 79' lang='lat' dir='ltr'>quie</span> <span class='ocrx_word' id='word_1_256' title='bbox 425 3843 623 3911; x_wconf 79' lang='lat' dir='ltr'>argumentum</span> <span class='ocrx_word' id='word_1_257' title='bbox 642 3859 722 3896; x_wconf 86' lang='lat' dir='ltr'>suum</span> <span class='ocrx_word' id='word_1_258' title='bbox 742 3859 842 3912; x_wconf 83' lang='lat' dir='ltr'>graece</span> <span class='ocrx_word' id='word_1_259' title='bbox 856 3841 997 3898; x_wconf 87' lang='lat' dir='ltr'>uberrime</span> <span class='ocrx_word' id='word_1_260' title='bbox 1008 3843 1189 3907; x_wconf 84' lang='lat' dir='ltr'>tractaverat,</span> <span class='ocrx_word' id='word_1_261' title='bbox 1208 3843 1237 3896; x_wconf 88' lang='lat' dir='ltr'>at</span> <span class='ocrx_word' id='word_1_262' title='bbox 1255 3843 1385 3911; x_wconf 76' lang='lat' dir='ltr'>poemate</span> 
     </span>
     <span class='ocr_line' id='line_1_33' title="bbox 248 3929 1386 4002; baseline -0.002 -16"><span class='ocrx_word' id='word_1_263' title='bbox 248 3932 337 4002; x_wconf 81' lang='lat' dir='ltr'>magia</span> <span class='ocrx_word' id='word_1_264' title='bbox 355 3931 560 3985; x_wconf 86' lang='lat' dir='ltr'>delectabatur.</span> <span class='ocrx_word' id='word_1_265' title='bbox 598 3929 748 3984; x_wconf 75' lang='lat' dir='ltr'>Praeterea</span> <span class='ocrx_word' id='word_1_266' title='bbox 772 3929 855 3984; x_wconf 82' lang='lat' dir='ltr'>affert</span> <span class='ocrx_word' id='word_1_267' title='bbox 875 3931 1052 3985; x_wconf 88' lang='lat' dir='ltr'>Drumannus</span> <span class='ocrx_word' id='word_1_268' title='bbox 1071 3931 1206 3985; x_wconf 83' lang='lat' dir='ltr'>famosam</span> <span class='ocrx_word' id='word_1_269' title='bbox 1230 3930 1308 3985; x_wconf 88' lang='lat' dir='ltr'>illam</span> <span class='ocrx_word' id='word_1_270' title='bbox 1328 3931 1386 4000; x_wconf 87' lang='lat' dir='ltr'>api·</span> 
     </span>
     <span class='ocr_line' id='line_1_34' title="bbox 247 4019 1387 4090; baseline 0 -16"><span class='ocrx_word' id='word_1_271' title='bbox 247 4021 347 4076; x_wconf 82' lang='lat' dir='ltr'>stolam</span> <span class='ocrx_word' id='word_1_272' title='bbox 365 4020 409 4073; x_wconf 83' lang='lat' dir='ltr'>ad.</span> <span class='ocrx_word' id='word_1_273' title='bbox 430 4019 517 4072; x_wconf 87' lang='lat' dir='ltr'>famil.</span> <span class='ocrx_word' id='word_1_274' title='bbox 538 4019 570 4073; x_wconf 84' lang='lat' dir='ltr'>V.</span> <span class='ocrx_word' id='word_1_275' title='bbox 591 4019 632 4072; x_wconf 87' lang='grc'>12.</span> <span class='ocrx_word' id='word_1_276' title='bbox 653 4020 685 4086; x_wconf 89' lang='grc'>8,</span> <span class='ocrx_word' id='word_1_277' title='bbox 715 4019 764 4074; x_wconf 91' lang='lat' dir='ltr'>ubi</span> <span class='ocrx_word' id='word_1_278' title='bbox 784 4019 897 4086; x_wconf 86' lang='lat' dir='ltr'>Cicero,</span> <span class='ocrx_word' id='word_1_279' title='bbox 923 4021 972 4088; x_wconf 90' lang='lat' dir='ltr'>qui</span> <span class='ocrx_word' id='word_1_280' title='bbox 997 4036 1014 4074; x_wconf 85' lang='lat' dir='ltr'>a</span> <span class='ocrx_word' id='word_1_281' title='bbox 1034 4019 1151 4074; x_wconf 80' lang='lat' dir='ltr'>Lucceio</span> <span class='ocrx_word' id='word_1_282' title='bbox 1170 4020 1323 4090; x_wconf 84' lang='lat' dir='ltr'>impetrare</span> <span class='ocrx_word' id='word_1_283' title='bbox 1342 4036 1387 4074; x_wconf 90' lang='lat' dir='ltr'>co·</span> 
     </span>
     <span class='ocr_line' id='line_1_35' title="bbox 248 4109 1387 4178; baseline -0.003 -13"><span class='ocrx_word' id='word_1_284' title='bbox 248 4113 346 4174; x_wconf 81' lang='lat' dir='ltr'>natur,</span> <span class='ocrx_word' id='word_1_285' title='bbox 373 4114 403 4162; x_wconf 89' lang='lat' dir='ltr'>ut</span> <span class='ocrx_word' id='word_1_286' title='bbox 434 4109 468 4165; x_wconf 90' lang='lat' dir='ltr'>de</span> <span class='ocrx_word' id='word_1_287' title='bbox 487 4109 662 4178; x_wconf 80' lang='lat' dir='ltr'>temporibus</span> <span class='ocrx_word' id='word_1_288' title='bbox 680 4110 737 4163; x_wconf 83' lang='lat' dir='ltr'>auis</span> <span class='ocrx_word' id='word_1_289' title='bbox 756 4109 901 4177; x_wconf 82' lang='lat' dir='ltr'>scriberet,</span> <span class='ocrx_word' id='word_1_290' title='bbox 920 4110 1007 4165; x_wconf 83' lang='lat' dir='ltr'>habet</span> <span class='ocrx_word' id='word_1_291' title='bbox 1026 4111 1142 4164; x_wconf 85' lang='lat' dir='ltr'>haecce:</span> <span class='ocrx_word' id='word_1_292' title='bbox 1169 4109 1260 4177; x_wconf 88' lang='lat' dir='ltr'>„quod</span> <span class='ocrx_word' id='word_1_293' title='bbox 1280 4109 1303 4162; x_wconf 84' lang='lat' dir='ltr'>si</span> <span class='ocrx_word' id='word_1_294' title='bbox 1322 4126 1339 4162; x_wconf 83' lang='lat' dir='ltr'>a</span> <span class='ocrx_word' id='word_1_295' title='bbox 1358 4113 1387 4163; x_wconf 89' lang='lat' dir='ltr'>te</span> 
     </span>
     <span class='ocr_line' id='line_1_36' title="bbox 249 4197 1387 4269; baseline -0.004 -13"><span class='ocrx_word' id='word_1_296' title='bbox 249 4218 304 4256; x_wconf 92' lang='lat' dir='ltr'>non</span> <span class='ocrx_word' id='word_1_297' title='bbox 322 4199 452 4269; x_wconf 87' lang='lat' dir='ltr'>impetro,</span> <span class='ocrx_word' id='word_1_298' title='bbox 471 4213 555 4266; x_wconf 78' lang='lat' dir='ltr'>cogar</span> <span class='ocrx_word' id='word_1_299' title='bbox 574 4197 687 4252; x_wconf 77' lang='lat' dir='ltr'>fortasse</span> <span class='ocrx_word' id='word_1_300' title='bbox 706 4197 797 4253; x_wconf 86' lang='lat' dir='ltr'>facere</span> <span class='ocrx_word' id='word_1_301' title='bbox 816 4199 891 4265; x_wconf 81' lang='lat' dir='ltr'>&lt;ruod</span> <span class='ocrx_word' id='word_1_302' title='bbox 911 4199 1041 4255; x_wconf 90' lang='lat' dir='ltr'>nonnulli</span> <span class='ocrx_word' id='word_1_303' title='bbox 1061 4216 1144 4269; x_wconf 86' lang='lat' dir='ltr'>saepe</span> <span class='ocrx_word' id='word_1_304' title='bbox 1163 4197 1387 4268; x_wconf 85' lang='lat' dir='ltr'>reprehendunt:</span> 
     </span>
     <span class='ocr_line' id='line_1_37' title="bbox 250 4285 1389 4358; baseline -0.002 -16"><span class='ocrx_word' id='word_1_305' title='bbox 250 4288 369 4343; x_wconf 82' lang='lat' dir='ltr'>scribam</span> <span class='ocrx_word' id='word_1_306' title='bbox 388 4288 449 4357; x_wconf 82' lang='lat' dir='ltr'>ipse</span> <span class='ocrx_word' id='word_1_307' title='bbox 468 4285 503 4342; x_wconf 90' lang='lat' dir='ltr'>de</span> <span class='ocrx_word' id='word_1_308' title='bbox 522 4290 594 4340; x_wconf 85' lang='lat' dir='ltr'>me.“</span> <span class='ocrx_word' id='word_1_309' title='bbox 631 4287 675 4340; x_wconf 87' lang='lat' dir='ltr'>his</span> <span class='ocrx_word' id='word_1_310' title='bbox 693 4286 786 4341; x_wconf 87' lang='lat' dir='ltr'>verbis</span> <span class='ocrx_word' id='word_1_311' title='bbox 805 4285 931 4357; x_wconf 87' lang='lat' dir='ltr'>intellegi</span> <span class='ocrx_word' id='word_1_312' title='bbox 952 4305 1040 4358; x_wconf 84' lang='lat' dir='ltr'>possa,</span> <span class='ocrx_word' id='word_1_313' title='bbox 1060 4286 1291 4342; x_wconf 84' lang='lat' dir='ltr'>commentarium</span> <span class='ocrx_word' id='word_1_314' title='bbox 1311 4286 1389 4341; x_wconf 88' lang='lat' dir='ltr'>Lati·</span> 
     </span>
     <span class='ocr_line' id='line_1_38' title="bbox 248 4374 1392 4449; baseline -0.001 -17"><span class='ocrx_word' id='word_1_315' title='bbox 248 4395 315 4432; x_wconf 89' lang='lat' dir='ltr'>num</span> <span class='ocrx_word' id='word_1_316' title='bbox 344 4393 376 4433; x_wconf 87' lang='lat' dir='ltr'>eo</span> <span class='ocrx_word' id='word_1_317' title='bbox 395 4380 522 4446; x_wconf 83' lang='lat' dir='ltr'>tempora</span> <span class='ocrx_word' id='word_1_318' title='bbox 541 4376 664 4449; x_wconf 87' lang='lat' dir='ltr'>nondum</span> <span class='ocrx_word' id='word_1_319' title='bbox 683 4374 791 4430; x_wconf 86' lang='lat' dir='ltr'>editum</span> <span class='ocrx_word' id='word_1_320' title='bbox 819 4393 886 4433; x_wconf 84' lang='lat' dir='ltr'>ease.</span> <span class='ocrx_word' id='word_1_321' title='bbox 924 4377 977 4432; x_wconf 80' lang='lat' dir='ltr'>Sed</span> <span class='ocrx_word' id='word_1_322' title='bbox 1002 4379 1140 4445; x_wconf 87' lang='lat' dir='ltr'>quantum</span> <span class='ocrx_word' id='word_1_323' title='bbox 1165 4376 1280 4432; x_wconf 84' lang='lat' dir='ltr'>valeant</span> <span class='ocrx_word' id='word_1_324' title='bbox 1304 4377 1392 4432; x_wconf 85' lang='lat' dir='ltr'>verba</span> 
     </span>
    </p>
   </div>
   <div class='ocr_carea' id='block_1_6' title="bbox 252 4468 1388 4541">
    <p class='ocr_par' dir='ltr' id='par_1_7' title="bbox 252 4468 1388 4541">
     <span class='ocr_line' id='line_1_39' title="bbox 252 4468 1388 4541; baseline 0.001 -16"><span class='ocrx_word' id='word_1_325' title='bbox 252 4470 303 4525; x_wconf 80' lang='lat' dir='ltr'>ille</span> <span class='ocrx_word' id='word_1_326' title='bbox 314 4471 441 4540; x_wconf 84' lang='lat' dir='ltr'>apparet,</span> <span class='ocrx_word' id='word_1_327' title='bbox 461 4475 571 4525; x_wconf 85' lang='lat' dir='ltr'>constat</span> <span class='ocrx_word' id='word_1_328' title='bbox 584 4468 659 4524; x_wconf 88' lang='lat' dir='ltr'>enirn</span> <span class='ocrx_word' id='word_1_329' title='bbox 671 4469 860 4538; x_wconf 84' lang='lat' dir='ltr'>hypomnema</span> <span class='ocrx_word' id='word_1_330' title='bbox 879 4472 908 4526; x_wconf 86' lang='lat' dir='ltr'>et</span> <span class='ocrx_word' id='word_1_331' title='bbox 924 4474 1024 4541; x_wconf 81' lang='lat' dir='ltr'>pob‘ma</span> <span class='ocrx_word' id='word_1_332' title='bbox 1039 4472 1125 4526; x_wconf 83' lang='lat' dir='ltr'>antea</span> <span class='ocrx_word' id='word_1_333' title='bbox 1134 4470 1304 4541; x_wconf 78' lang='lat' dir='ltr'>pervulgato</span> <span class='ocrx_word' id='word_1_334' title='bbox 1321 4485 1388 4526; x_wconf 74' lang='lat' dir='ltr'>ense.</span> 
     </span>
    </p>
   </div>
   <div class='ocr_carea' id='block_1_7' title="bbox 0 0 1668 5070">
    <p class='ocr_par' dir='ltr' id='par_1_8' title="bbox 0 0 1668 5070">
     <span class='ocr_line' id='line_1_40' title="bbox 0 0 1668 5070; baseline 0 0"><span class='ocrx_word' id='word_1_335' title='bbox 0 0 1668 5070; x_wconf 95' lang='lat' dir='ltr'> </span> 
     </span>
    </p>
   </div>
  </div>
 </body>
</html>
