3292 5070
774 428 816 488 47

229 603 381 680 Dionem,
417 606 467 678 37,
483 604 541 681 32,
572 598 613 664 de
644 597 747 663 libera
776 597 924 662 custodia
946 595 1107 662 Catilinae
1130 598 1286 665 certiores
1308 618 1367 684 nos

230 708 348 785 faeere,
372 724 465 786 quarn
491 703 603 768 Cicero
626 708 864 778 commemorat,
888 701 919 764 in
944 700 1038 766 Catil.
1063 702 1087 765 I.
1111 705 1163 767 49.
1202 701 1266 768 Sed
1289 723 1366 785 qno·

229 811 324 876 modo
346 809 405 874 hoc
431 807 668 873 locoThoureti
692 805 854 870 sententia
877 802 1057 869 confirmari
1080 807 1195 888 possit,
1218 807 1367 888 equidem

228 935 289 980 non
313 914 470 997 intelligo,
494 912 554 976 Dio
578 911 662 976 enim
686 916 797 975 narrat
816 909 987 974 Catilinam
1011 929 1031 974 a
1055 910 1208 976 Cicerone
1231 931 1292 977 non
1314 932 1367 979 re·

229 1027 356 1101 ceptum
388 1017 471 1098 apud
504 1017 670 1081 Metellum
700 1020 884 1097 praetorem
915 1015 1055 1079 invidiae
1087 1015 1237 1082 vitandae
1268 1037 1367 1084 causa

227 1126 259 1189 in
284 1123 462 1189 custodiam
486 1139 520 1186 se
543 1120 682 1197 dedisse,
706 1119 821 1184 deinde
846 1119 1031 1198 coniuratos
1053 1119 1086 1182 in
1109 1119 1236 1187 domum
1261 1123 1367 1204 cujus·

229 1227 300 1293 dam
332 1227 410 1292 socii
442 1242 633 1290 convocasse
664 1229 698 1288 et
724 1223 806 1287 clarn
830 1222 963 1286 Metello
994 1221 1025 1287 in
1058 1230 1247 1288 conventum
1276 1226 1367 1291 illum

228 1331 363 1396 venisse.
410 1328 522 1394 Cicero
556 1328 658 1392 tradit
680 1327 817 1409 primum
841 1327 881 1391 ad
905 1326 1105 1406 M’Lepidum
1128 1327 1298 1394 Catilinam
1331 1348 1366 1395 se

228 1435 402 1500 contulisse
434 1431 549 1497 delnde
580 1430 621 1496 ad
652 1431 856 1512 Ciceronem,
896 1431 1028 1495 tertium
1059 1430 1101 1495 ad
1131 1429 1168 1508 Q.
1199 1431 1366 1498 Metellum

228 1545 430 1621 praetorem,
469 1537 604 1618 denique
637 1554 707 1600 cum
738 1534 778 1599 ab
810 1532 955 1598 omnibus
986 1533 1175 1614 repudiatus
1208 1541 1295 1601 esset
1326 1537 1367 1602 ad

229 1644 371 1710 sodalem
396 1661 485 1708 suurn
509 1641 552 1705 M.
575 1639 763 1705 Marcellum
778 1637 804 1720 ¹)
828 1637 1048 1722 demigrasse,
1081 1639 1191 1720 itaque
1213 1640 1275 1705 Dio
1302 1640 1366 1706 dis-

229 1755 340 1829 crepat
363 1765 434 1813 cum
457 1746 621 1811 Cicerone.
666 1743 842 1808 Praeterea
861 1742 950 1822 jnsto
978 1742 1051 1822 jnre
1084 1740 1227 1808 dubitari
1248 1750 1366 1824 potest,

229 1872 270 1918 an
286 1851 412 1916 omnino
428 1851 459 1914 in
476 1850 720 1932 hypomnemate
736 1846 831 1927 hujus
849 1846 897 1910 rei
914 1845 1026 1910 Cicero
1043 1846 1237 1912 mentionem
1252 1846 1368 1913 iecerit

228 1957 318 2037 cuius
341 1957 515 2031 intererat,
547 1959 584 2017 nt
606 1953 712 2016 omnia
735 1950 864 2015 silentio
885 1948 1081 2030 praeteriret
1105 1967 1186 2030 quae
1208 1949 1366 2016 Catilinae

227 2060 378 2126 invidiam
401 2059 509 2123 leuare
533 2063 693 2138 poterant,
720 2055 914 2120 Plutarchus
937 2072 1062 2135 quoque
1084 2054 1179 2134 plane
1203 2061 1300 2120 tacet.
1326 2091 1364 2104 -—

313 2163 434 2243 Quibus
458 2162 497 2227 de
521 2163 627 2227 causis
650 2160 887 2226 surnoDionem
911 2159 971 2222 hoc
995 2158 1064 2223 loco
1087 2177 1148 2224 non
1172 2177 1211 2223 ex
1235 2160 1365 2242 hypom-

228 2276 355 2335 nemate
378 2269 435 2334 sed
459 2287 496 2331 ex
520 2268 584 2331 alio
616 2266 704 2331 fonte
728 2265 894 2341 hausisse,
926 2264 979 2344 qui
1012 2263 1165 2328 omiserat
1195 2263 1366 2329 Catilinam

227 2395 247 2440 a
270 2374 306 2453 Q.
324 2372 455 2438 Metello
478 2371 683 2453 repudiatum
708 2370 845 2449 denique
868 2368 911 2432 M.
929 2367 1095 2447 Marcello,
1119 2367 1172 2449 qni
1197 2386 1268 2433 cum
1292 2387 1365 2433 con·

222 2479 341 2560 juratis
365 2476 582 2556 conspirabat,
607 2495 641 2540 se
667 2475 852 2539 tradidisse.
877 2509 920 2518 -

312 2581 467 2646 Adridere
507 2582 609 2661 primo
646 2583 781 2659 aspectu
822 2577 949 2640 videtur
982 2575 1137 2640 Thoureti
1174 2577 1365 2658 sententiae,

227 2685 310 2766 qnod
334 2684 418 2765 apud
442 2683 577 2748 Dionem
592 2687 643 2764 37,
667 2683 753 2759 35,4
775 2680 935 2745 invenitur
957 2697 1048 2743 oman
1072 2677 1160 2757 illud,
1183 2679 1268 2760 qnod
1291 2680 1365 2745 Plu·

224 2789 356 2854 tarcbus
368 2789 539 2853 enarratin
551 2787 637 2850 uitae
651 2784 814 2851 Ciceronis
830 2784 935 2864 capite
947 2780 1017 2863 XX,
1042 2781 1225 2860 Ciceronem
1243 2783 1367 2848 veroin

226 2897 373 2974 poemate
410 2891 584 2955 memoriae
614 2888 795 2969 prodidisse
832 2891 973 2951 testatur
1007 2883 1151 2967 Servius,
1186 2885 1236 2949 ad.
1267 2885 1365 2970 Verg.

223 2998 300 3062 Bne.
324 2996 410 3062 VIII.
437 3000 507 3060 106.
554 2994 616 3059 Sed
650 2994 710 3057 Dio
742 2991 926 3074 prodigium
960 2989 1064 3070 prima
1098 2989 1169 3055 luce
1201 2990 1271 3070 ejus
1301 2990 1366 3054 diei

298 3207 324 3273 l)
344 3205 396 3259 Pro
415 3203 453 3256 M.
473 3201 605 3256 Marcello
624 3199 738 3269 scripsit
758 3199 885 3252 Halmius
903 3199 972 3268 (Cia.
985 3217 1107 3269 ausgew.
1123 3199 1219 3255 [leden
1242 3201 1282 3256 10.
1295 3201 1369 3258 Aufl.

226 3294 321 3348 Berlin
344 3293 412 3346 1878
433 3291 481 3345 Bd.
503 3289 550 3344 lll.
570 3307 615 3359 pg.
636 3290 670 3341 32
690 3289 747 3342 not.
769 3290 811 3356 7),
841 3288 878 3342 M.
897 3288 1052 3354 Metellum,
1072 3289 1148 3357 quod
1167 3306 1268 3344 nomen
1288 3291 1364 3345 exhi·

227 3385 294 3438 bent
319 3385 376 3434 tras
395 3381 474 3434 codd.
494 3382 524 3435 ei
542 3379 734 3445 Quintilianus
752 3377 799 3430 IX.
820 3380 845 3442 2,
857 3378 899 3430 45.
936 3378 1036 3446 ltaque
1062 3396 1123 3433 cnm
1145 3379 1257 3434 Halmio
1276 3380 1367 3434 Thou·

223 3474 299 3526 retus
317 3471 403 3526 sumit
415 3470 532 3523 Dionem
553 3469 633 3537 lapsu
652 3466 752 3521 calami
776 3466 827 3519 hoc
847 3466 908 3519 loco
927 3464 957 3530 Q.
972 3466 1117 3520 Metellum
1138 3483 1189 3536 pro
1201 3467 1239 3520 Id.
1251 3467 1366 3522 Metello

223 3577 349 3624 vocasse,
376 3558 479 3627 quibus
498 3575 554 3611 non
573 3556 725 3611 adsentior.
764 3555 863 3622 Neque
883 3555 956 3608 enim
977 3555 1145 3624 persuadere
1164 3555 1234 3609 mihi
1253 3573 1366 3625 possum

223 3651 397 3717 Quintiliano
425 3652 455 3704 et
472 3648 563 3702 tribus
586 3647 644 3701 illis
663 3645 807 3700 codicibus
827 3644 909 3699 fidem
928 3645 1087 3699 habendam
1106 3663 1178 3711 esse,
1199 3647 1366 3716 praesertim

223 3759 285 3797 curn
319 3740 495 3803 Bonnellius,
523 3737 689 3791 novissimus
718 3734 888 3801 Quintiliani
919 3733 1010 3789 editor
1044 3735 1117 3804 Lips.
1147 3736 1232 3801 1883,
1260 3737 1367 3791 scribat

223 3831 259 3884 M.
285 3828 457 3882 Marcellum.
504 3827 540 3881 n.
561 3826 707 3881 Metellum
734 3825 810 3878 inter
834 3823 923 3879 socios
951 3823 1091 3878 Catilinae
1117 3822 1201 3879 fuisse
1227 3843 1378 3894 nrrsquam

221 3920 359 3974 traditum
388 3920 443 3980 est,
475 3916 622 3971 Marcellos
661 3931 727 3970 vero
764 3931 826 3968 aum
860 3929 893 3968 eo
925 3913 1100 3982 conspirasse
1133 3913 1252 3984 legimus
1289 3915 1365 3985 apud

222 4008 349 4065 Orosium
374 4006 420 4060 VI.
450 4007 465 4060 6
493 4006 528 4060 cf.
556 4023 606 4076 pro
638 4004 707 4059 Sest.
734 4006 758 4058 9.
805 4002 854 4058 sin
890 4005 984 4056 autem
1020 4002 1186 4058 concederet
1224 4003 1365 4074 quispiam

223 4098 278 4152 sn.
297 4096 458 4150 Metellum
479 4095 654 4149 scribendum
674 4110 733 4148 esse
751 4094 781 4147 ei
794 4091 912 4146 Dionem
933 4091 1042 4161 lapsum
1062 4091 1164 4146 calami
1185 4093 1364 4162 commisisse,

224 4205 289 4241 num
311 4184 463 4240 verisimile
484 4187 570 4249 esset,
597 4184 722 4237 futurum
748 4180 833 4236 fuisse
858 4183 891 4235 nt
911 4181 963 4235 Dio
982 4180 1118 4236 scriberet
1139 4181 1197 4234 »acl
1215 4179 1302 4234 λαθὼν
1320 4182 1364 4235 τὸν

222 4270 351 4328 Μέτελλον
368 4271 432 4342 ἦλθε
450 4271 513 4344 πρὸς
532 4271 638 4330 αὐτούς(
660 4285 726 4325 cum
735 4270 830 4324 Cicero
853 4269 995 4323 indicaret
1012 4286 1075 4323 enm
1087 4269 1123 4323 ad
1141 4269 1263 4324 sodalem
1283 4287 1364 4324 sunm

224 4381 253 4418 se
274 4362 435 4429 contulisse,
455 4379 489 4416 ne
509 4361 636 4417 custodia
645 4359 832 4431 impediretur
850 4359 965 4428 incepta
984 4361 1106 4428 patrare.
1143 4358 1231 4425 Quam
1252 4361 1364 4416 obrem

224 4451 348 4508 Catilina
367 4450 489 4506 amicum
510 4453 540 4508 et
558 4451 661 4506 socium
679 4449 790 4506 sceleris
808 4445 931 4503 fefellit?
