3292 5070
806 425 845 486 12

341 596 502 675 Profecto,
526 595 578 677 qui
601 594 682 660 talia
705 592 746 660 ab
770 595 871 660 amico
894 595 1069 677 impetrare
1089 593 1205 676 audet,
1236 593 1307 675 ipse
1329 592 1391 660 sibi

254 700 333 766 nihil
357 719 495 786 negasse
517 699 654 778 videtur,
680 699 790 780 itaque
803 700 949 764 existimo
974 717 1047 764 eum
1069 717 1131 763 non
1152 717 1286 780 prorsus
1308 698 1393 764 falsa

252 806 436 887 protulisse,
459 805 562 870 multa
576 810 693 887 autem,
717 823 799 885 quae
822 805 954 870 minoris
966 803 1097 868 fuerunt
1109 805 1272 882 momenti,
1287 804 1390 868 laudi-

256 906 316 975 bus
339 927 437 990 supra
458 909 585 973 modum
610 927 822 990 exaggerasse
841 915 874 973 et
887 906 1111 990 amplificasse,
1134 909 1392 990 ornamentisque

255 1013 394 1078 auxisse.
440 1011 536 1076 Certe
568 1013 652 1076 enim
683 1031 811 1093 semper
842 1029 1030 1093 persuasum
1057 1009 1187 1090 habuit,
1217 1029 1276 1076 sua
1298 1012 1393 1076 unius

255 1137 354 1200 opera
366 1135 436 1182 rem
447 1115 619 1198 publicam,
639 1117 724 1182 cives
736 1135 856 1195 omnes,
873 1119 993 1198 templa
1005 1124 1101 1197 atque
1112 1114 1246 1182 delubra
1259 1116 1392 1182 deorum

255 1228 444 1288 conservata
469 1239 559 1305 esse,
591 1221 653 1287 sibi
685 1241 704 1286 a
738 1223 861 1287 cunetis
891 1220 1071 1286 hominibus
1102 1240 1256 1286 summam
1280 1221 1392 1286 deberi

253 1327 407 1408 gratiam,
437 1346 472 1393 se
496 1326 601 1392 omnia
623 1326 816 1408 perfecisse,
852 1327 893 1392 ad
919 1326 1104 1392 Ciceronem
1129 1329 1291 1410 egregium
1315 1346 1389 1393 con·

254 1433 356 1498 sulem
380 1431 485 1496 omnia
507 1431 712 1512 pertinuisse.

340 1536 485 1617 Denique
519 1543 655 1617 quaerat
685 1535 859 1616 quispiam,
895 1536 1051 1616 quomodo
1081 1536 1114 1600 in
1146 1535 1390 1618 hypomnemate

252 1640 451 1707 orationibus
483 1640 549 1705 suis
575 1640 688 1704 Cicero
724 1657 800 1704 usus
836 1639 888 1704 sit.
942 1640 1092 1722 integras
1124 1642 1287 1706 orationes
1318 1662 1389 1707 eum

252 1746 312 1811 hoc
335 1745 405 1810 loco
427 1745 634 1825 repetivisse,
665 1744 735 1825 quis
758 1743 896 1808 credat?
934 1743 996 1808 Sed
1019 1744 1264 1810 recordantibus
1288 1746 1389 1826 nobis,

257 1851 442 1916 Ciceronem
466 1849 609 1914 facinora
632 1866 690 1913 sua
718 1866 815 1928 saepe
846 1848 961 1912 iisdem
983 1846 1091 1912 verbis
1114 1849 1283 1932 extollere,
1316 1870 1389 1932 pro-

255 1955 361 2022 babile
384 1956 526 2037 videtur,
556 1955 723 2019 nonnullos
754 1955 856 2034 locos,
888 1952 1002 2034 quibus
1025 1954 1139 2018 eximie
1163 1954 1389 2023 delectabatur

253 2079 386 2142 quorum
416 2059 515 2126 verba
538 2066 635 2141 atque
658 2056 907 2140 significationes
936 2058 968 2122 in
992 2077 1122 2124 succum
1146 2064 1178 2124 et
1200 2062 1387 2142 sanguinem

253 2168 283 2231 ei
305 2166 512 2244 transierant,
536 2165 568 2229 in
592 2164 803 2246 hypomnema
827 2181 951 2245 quoque
974 2165 1149 2229 translatos
1171 2183 1252 2230 esse.
1278 2203 1317 2212 -

339 2270 419 2333 Tale
442 2268 504 2334 fuit
525 2269 747 2350 hypomnema,
772 2269 876 2349 quoad
899 2267 1008 2333 videre
1031 2286 1089 2333 nos
1101 2287 1279 2352 possumus,
1304 2272 1387 2353 quod

251 2392 289 2439 eo
312 2378 457 2454 tempore
479 2373 651 2438 multorum
674 2371 870 2437 inmanibus
893 2371 993 2436 fuisse
1016 2370 1250 2456 affirmaverim,
1276 2375 1387 2441 Cicero

251 2478 336 2544 enim
369 2479 454 2542 omni
488 2478 581 2542 modo
615 2476 730 2541 librum
763 2495 854 2541 suum
888 2477 1095 2558 pervulgasse
1124 2478 1252 2544 videtur
1282 2486 1315 2544 et
1345 2481 1386 2546 ab

250 2584 359 2648 Attico
382 2581 549 2663 quaesivit,
572 2586 711 2662 curaret,
735 2586 770 2645 ut
793 2588 827 2645 et
851 2581 984 2646 Athenis
1008 2586 1096 2647 esset
1119 2588 1153 2647 et
1173 2582 1206 2646 in
1228 2583 1386 2650 Graeciae

249 2688 386 2769 oppidis.
417 2723 460 2734 -
491 2687 540 2751 De
573 2685 736 2751 Ciceronis
774 2684 973 2766 expositione
1002 2686 1207 2751 consiliorum
1244 2705 1384 2772 suorum,

249 2794 371 2874 scripta
394 2797 626 2874 postmortem
650 2789 811 2868 Caesaris,
834 2789 919 2854 inira
942 2789 1129 2857 videbimus,
1159 2830 1193 2840 -

684 3073 945 3158 Diodorus.

335 3233 469 3297 Diodori
491 3233 590 3298 Siculi
601 3234 625 3316 ¹)
658 3234 720 3299 duo
743 3234 925 3316 fragmenta
953 3240 1082 3300 exstant
1105 3235 1144 3300 de
1168 3237 1385 3318 conjnratione

249 3355 288 3402 ex
311 3335 426 3418 quibus
449 3337 557 3422 colligi
580 3343 698 3421 potest,
723 3339 882 3418 copiosius
906 3357 979 3404 eum
1000 3357 1054 3404 res
1068 3339 1276 3407 Catilinarias
1299 3349 1385 3408 trac-

247 3445 346 3508 tasse.
391 3441 511 3508 Narrat
537 3443 621 3508 enim
644 3443 746 3508 altero
770 3443 959 3525 fragmento,
987 3445 1072 3524 quod
1095 3445 1207 3510 attulit
1229 3446 1386 3514 Mulierus

247 3545 324 3612 Ero.
348 3547 421 3611 Esc.
441 3566 471 3628 p.
490 3552 540 3630 36,
555 3553 605 3630 37,
629 3547 801 3613 Catilinam
817 3552 851 3612 et
866 3548 1037 3613 Lentulum
1053 3549 1258 3614 constituisse
1274 3549 1386 3616 Satur·

247 3649 374 3716 palibus
397 3669 506 3717 omnes
530 3652 596 3716 iere
620 3658 787 3716 senatores
811 3652 989 3732 trucidare,
1013 3653 1253 3734 conjuratorum
1276 3659 1384 3721 autem

250 3755 407 3835 quendam
430 3756 557 3836 puellae
580 3775 675 3837 quam
698 3755 829 3822 amabat
850 3758 956 3822 omnia
979 3775 1159 3824 enarrasse.
1194 3759 1286 3824 Illam
1308 3778 1384 3826 vero

248 3859 405 3939 postridie
428 3859 590 3925 Ciceronis
620 3860 759 3925 consulis
789 3861 882 3926 uxori
905 3862 1157 3942 conjurationem
1180 3863 1385 3944 patefecisse.

248 3961 402 4028 Sallustio
425 3964 503 4027 haec
517 3964 704 4046 impugnare
721 3965 878 4048 videntur,
902 3966 1005 4031 tradit
1021 3969 1115 4046 enim,
1135 3967 1277 4033 Fulviam
1301 3988 1383 4050 quae

248 4085 268 4130 a
292 4065 328 4142 Q.
353 4065 449 4132 Curio
473 4067 512 4131 de
536 4068 755 4148 conjuratione
779 4068 929 4134 audierat
951 4070 1167 4152 compluribus
1189 4073 1382 4153 narravisse,

249 4187 319 4234 eam
342 4189 409 4234 rem
433 4171 541 4236 studia
563 4172 725 4236 hominurn
748 4172 905 4253 imprimis
924 4175 1110 4241 accendisse
1126 4176 1166 4241 ad
1183 4178 1383 4244 consulatum

249 4273 394 4339 Ciceroni
417 4275 633 4340 mandandum
656 4275 740 4358 (cap.
765 4280 830 4358 23).
878 4277 1068 4343 Ciceronem·
1088 4299 1107 4344 a
1129 4280 1286 4363 principio
1309 4299 1383 4347 oon·
1486 4289 1496 4308 ⁰

320 4473 346 4542 l)
365 4489 380 4527 e
399 4489 452 4527 rec.
473 4472 617 4528 Dindorfii.
655 4473 728 4543 bips.
746 4491 792 4544 ep.
811 4474 918 4532 Teubn.
