3292 5070
806 368 848 432 23

258 538 391 606 citatam
415 557 498 624 essa,
522 557 623 622 aequa
647 537 871 606 acSallustius
888 539 972 620 (Cat.
987 537 1101 621 XLII).
1141 537 1253 605 Cicero
1275 536 1398 606 iudicat

258 645 312 729 (cf.
335 645 368 710 in
392 645 463 711 Cat.
488 645 528 710 II.
554 651 573 710 6
597 649 630 711 et
652 663 709 726 pro
733 643 822 711 Sulla
847 646 901 728 53)
913 643 949 729 ¹).
1079 713 1082 720 ,

343 749 467 815 Deinde
496 749 690 816 Plutarchus
722 749 870 831 exponit,
904 749 1008 832 qualis
1052 767 1090 815 eo
1124 752 1271 830 tempore
1301 745 1400 813 brerit

258 854 402 920 condicio
436 852 527 920 urbis
556 854 676 920 Romae
700 853 809 920 vorbis
841 858 909 919 tam
932 853 1085 937 incertis,
1115 858 1152 920 ut
1186 852 1286 919 cuivis
1316 849 1399 917 fonti

258 959 437 1026 attribuere
460 961 575 1041 possis.
600 995 640 1008 -
1171 961 1173 967 ’

343 1063 381 1127 In
404 1061 615 1147 capitell12)
648 1062 767 1146 ubique
790 1063 925 1130 Sallusti
957 1065 1072 1146 genus
1091 1063 1218 1130 dicendi
1242 1079 1399 1147 apparere

257 1159 523 1234 Weizsaeclrerus
562 1168 727 1234 contendit
760 1169 827 1254 (pg.
857 1169 935 1252 423)
976 1170 1059 1250 quod
1093 1173 1129 1234 ut
1163 1169 1400 1234 demonstraret

258 1273 368 1339 attulit
390 1274 478 1338 locos
499 1273 608 1339 hosce.
647 1275 718 1341 Cat.
739 1273 825 1338 XXI.
845 1279 873 1353 3,
897 1273 1012 1340 XXVI.
1033 1279 1061 1357 1,
1083 1273 1201 1339 XXIII.
1219 1272 1398 1339 5-XXIV.

258 1377 321 1442 Sed
354 1377 419 1442 allo
442 1377 555 1444 ordine
579 1378 664 1459 apud
686 1379 895 1444 Plutarchum
927 1378 1007 1443 haec
1030 1377 1169 1460 proferri
1191 1373 1400 1442 manifestum

257 1487 316 1548 est.
360 1482 537 1548 Praeterea
561 1481 733 1548 Sallustius
766 1481 887 1562 tradit,
917 1481 1050 1548 Fuluiae
1079 1479 1319 1548 narrationibus
1342 1481 1399 1546 ho·

256 1587 359 1652 mines
382 1590 470 1651 metu
491 1591 655 1667 permotos
679 1605 751 1652 esse
782 1585 824 1652 ad
847 1587 1050 1652 consulatum
1073 1584 1221 1652 Ciceroni
1244 1583 1398 1650 mandan-

257 1693 350 1776 dum,
382 1691 474 1773 anus
507 1692 653 1758 mulieris
681 1691 874 1758 Plutarchus
907 1696 1022 1773 postea
1052 1692 1180 1757 demum
1208 1690 1415 1756 mentionem.

258 1797 354 1878 facit3
388 1797 503 1864 Curius
526 1796 654 1862 omnino
689 1797 720 1860 ei
750 1797 879 1878 ignotus
913 1801 980 1880 est,
1012 1815 1105 1878 quem
1129 1795 1242 1861 Cicero
1275 1812 1400 1878 quoque

173 1931 175 1934 ·
256 1920 417 1984 nunquam
432 1901 632 1986 proditorem
648 1902 802 1966 nominat.
816 1937 857 1948 -
871 1901 946 1967 Mea
969 1901 1097 1983 quidem
1112 1900 1274 1967 sententia
1296 1903 1401 1965 totum

257 2009 317 2073 hoc
340 2012 437 2088 caput
459 2007 579 2090 optime
603 2024 676 2073 oum
699 2006 852 2072 Cicerone
875 2006 1013 2089 quadrat
1047 2004 1086 2072 oi.
1109 2025 1168 2089 pro
1191 2005 1325 2072 Murena
1348 2010 1401 2071 49.

259 2113 454 2198 ,Catilinam
474 2111 600 2178 interea
622 2111 764 2177 alacrem
794 2115 892 2192 atque
927 2111 1067 2178 laetum.
1083 2161 1092 2176 .
1108 2159 1136 2176 ..
1160 2109 1306 2176 inflatum
1329 2128 1400 2176 cum

260 2235 316 2299 spe
339 2217 477 2282 militum
497 2221 566 2282 tum
589 2214 745 2300 conlegae
767 2214 863 2280 mei.“
909 2215 998 2292 Quae
1021 2214 1062 2280 de
1085 2215 1205 2279 Antoni
1225 2214 1344 2280 inertia
1367 2218 1400 2278 et

259 2320 452 2388 lentitudine
483 2320 619 2402 legimus
651 2320 790 2387 dilucide
814 2319 999 2386 Ciceronem
1030 2320 1169 2401 sapiunt.
1216 2319 1402 2385 Ciceronem

258 2444 335 2491 vero
358 2443 454 2506 saepe
479 2424 624 2509 gloriari,
648 2442 684 2490 se
700 2424 844 2505 equestri
867 2425 937 2490 loco
958 2429 1069 2490 natum
1093 2423 1257 2489 consulem
1278 2421 1401 2488 factum

196 2539 197 2544 ’
260 2549 342 2609 esse,
366 2529 437 2613 quis
461 2528 612 2594 nesciat?
644 2527 683 2594 cf.
708 2531 823 2594 Ascon.
848 2534 888 2594 73
914 2530 1023 2614 ,solus
1046 2519 1159 2594 Cicero
1183 2547 1222 2593 ex
1244 2526 1398 2609 competi-

258 2631 384 2700 toribus
407 2631 550 2714 equestri
573 2637 645 2698 erat
669 2633 739 2698 loco
762 2632 890 2699 natus.“

346 2737 500 2804 Videmus
532 2738 635 2823 igitur
664 2739 824 2803 nonnullis
854 2738 934 2804 locis
968 2735 1210 2803 similitudinem
1240 2737 1402 2818 quandam

260 2861 332 2909 esse
355 2843 440 2908 inter
463 2842 628 2908 Plutarchi
658 2847 693 2908 et
714 2842 846 2908 Sallusti
868 2840 988 2924 verba,
1018 2860 1072 2907 res
1103 2842 1192 2922 ipsas
1216 2845 1324 2906 antem
1354 2841 1403 2907 ita

259 2946 396 3028 narrari,
419 2951 457 3012 ut
479 2946 566 3012 nullo
588 2945 687 3011 modo.
705 2945 747 3010 ad
771 2946 958 3013 Sallustium
980 2945 1097 3011 referri
1119 2945 1254 3027 possint,
1277 2944 1335 3011 sed
1359 2945 1401 3010 ad

261 3051 448 3119 Ciceronem
471 3056 626 3133 spectent.
673 3050 779 3127 Quare
801 3051 973 3129 existumo,
1007 3050 1134 3116 omnino
1156 3050 1291 3116 Sallusti
1314 3049 1402 3116 Cati·

261 3156 359 3221 limam
382 3155 558 3220 Plutarcho
587 3154 725 3220 fructum
757 3173 820 3220 non
842 3154 1042 3236 praebuisse.
1086 3155 1198 3237 Neque
1222 3155 1306 3220 enim
1328 3173 1401 3236 per·

259 3261 397 3328 suadere
420 3259 498 3324 mihi
520 3277 661 3342 possum,
684 3259 732 3325 ita
756 3278 828 3325 eum
851 3259 1005 3324 Sallustio
1030 3278 1124 3325 usum
1149 3278 1231 3339 esse,
1255 3265 1291 3325 ut
1306 3260 1401 3326 modo

258 3365 342 3431 hunc
364 3363 459 3430 modo
492 3364 581 3430 illum
605 3365 709 3430 locum
732 3369 921 3444 excerperet
951 3369 985 3430 et
1009 3364 1144 3431 Sallusti
1172 3363 1280 3430 verbis
1304 3384 1401 3446 qnae-

259 3469 331 3536 sitis
361 3474 459 3550 atquc
487 3468 582 3535 lectis
612 3487 702 3536 suam
731 3469 953 3535 narrationem
982 3473 1173 3552 exornaret,
1208 3469 1248 3535 de
1277 3488 1402 3537 summa

258 3591 367 3639 rerum
381 3591 457 3638 vero
481 3570 522 3638 ab
546 3592 583 3639 eo
600 3571 809 3654 othomaret3
843 3574 1037 3655 praesertim
1060 3592 1131 3639 cum
1145 3578 1261 3656 postea
1277 3592 1401 3656 quoque

258 3677 304 3743 nil
327 3677 536 3762 inveniamus,
560 3677 644 3760 quod
667 3677 709 3744 ad
733 3677 920 3745 Sallustium
943 3677 1059 3744 referri
1084 3676 1210 3745 debeat.

347 3781 540 3849 Tribuamus
562 3783 662 3865 igitur
686 3782 832 3849 Ciceroni
855 3802 937 3864 quae
962 3783 1124 3848 Ciceronis
1148 3788 1232 3849 sunt.
1259 3821 1297 3833 -

345 3885 454 3952 Verba
477 3905 560 3969 qnae
582 3887 674 3953 initio
699 3888 814 3968 capitis
829 3886 891 3951 llll
913 3887 1049 3968 legimus
1073 3885 1265 3973 »προάγωνες
1289 3887 1322 3952 δὲ
1346 3915 1400 3974 με-

258 3988 346 4074 γάλοι
375 3989 428 4075 τὴν
451 3987 622 4076 Κικέρωνος
654 3989 795 4055 ὑπατείαν
829 3990 1017 4062 Pisidiam&
1041 3993 1195 4058 Isocratis
1220 3994 1401 4078 μυροθήκιον

331 4153 357 4223 1)
376 4153 458 4208 Falso
469 4153 697 4210 Weiasaeclrerus
712 4157 804 4226 putat,
823 4153 990 4210 Sallustium
1004 4153 1129 4210 Caesaris
1144 4171 1228 4212 causa
1246 4156 1399 4212 tumultum

256 4243 287 4297 in
306 4240 402 4296 Gallia
422 4240 553 4298 citeriore
573 4244 803 4314 praetermisisse.

331 4331 359 4403 2)
378 4332 484 4402 Lagus,
512 4351 560 4404 pg.
579 4335 613 4390 73
639 4335 692 4391 hoc
711 4336 797 4406 caput
822 4333 858 4388 ad
878 4331 1039 4389 Ciceronem
1066 4349 1121 4388 non
1139 4333 1316 4392 referendum
1342 4354 1401 4402 asse

255 4422 361 4490 censet,
385 4437 452 4477 nam
470 4437 528 4480 non
547 4422 601 4479 nisi
620 4423 725 4494 frigida
744 4439 809 4480 eum
828 4420 948 4482 laudari.
