<?xml version="1.0" encoding="UTF-8"?>
<!DOCTYPE html PUBLIC "-//W3C//DTD XHTML 1.0 Transitional//EN"
    "http://www.w3.org/TR/xhtml1/DTD/xhtml1-transitional.dtd">
<html xmlns="http://www.w3.org/1999/xhtml" xml:lang="en" lang="en">
 <head>
  <title>
</title>
<meta http-equiv="Content-Type" content="text/html;charset=utf-8" />
  <meta name='ocr-system' content='tesseract 3.04.00' />
  <meta name='ocr-capabilities' content='ocr_page ocr_carea ocr_par ocr_line ocrx_word'/>
</head>
<body>
  <div class='ocr_page' id='page_1' title='image "./deconjurationis00willgoog_0048.png"; bbox 0 0 3292 5070; ppageno 0'>
   <div class='ocr_carea' id='block_1_1' title="bbox 790 397 833 466">
    <p class='ocr_par' dir='ltr' id='par_1_1' title="bbox 790 397 833 466">
     <span class='ocr_line' id='line_1_1' title="bbox 790 397 833 466; baseline 0.093 -4"><span class='ocrx_word' id='word_1_1' title='bbox 790 397 833 466; x_wconf 79' lang='lat'>43</span> 
     </span>
    </p>
   </div>
   <div class='ocr_carea' id='block_1_2' title="bbox 242 568 1386 1381">
    <p class='ocr_par' dir='ltr' id='par_1_2' title="bbox 458 568 1234 652">
     <span class='ocr_line' id='line_1_2' title="bbox 458 568 1234 652; baseline 0.003 -18"><span class='ocrx_word' id='word_1_2' title='bbox 458 568 498 634; x_wconf 92' lang='lat' dir='ltr'>II.</span> <span class='ocrx_word' id='word_1_3' title='bbox 526 575 574 635; x_wconf 84' lang='lat'>12.</span> <span class='ocrx_word' id='word_1_4' title='bbox 974 572 1051 638; x_wconf 83' lang='lat' dir='ltr'>Sall.</span> <span class='ocrx_word' id='word_1_5' title='bbox 1076 577 1234 652; x_wconf 77' lang='grc'><strong>61,2-4.</strong></span> 
     </span>
    </p>

    <p class='ocr_par' dir='ltr' id='par_1_3' title="bbox 242 674 1386 1160">
     <span class='ocr_line' id='line_1_3' title="bbox 287 674 1382 760; baseline 0.003 -21"><span class='ocrx_word' id='word_1_6' title='bbox 287 693 400 760; x_wconf 84' lang='lat' dir='ltr'>,quem</span> <span class='ocrx_word' id='word_1_7' title='bbox 414 674 484 754; x_wconf 88' lang='lat' dir='ltr'>quis</span> <span class='ocrx_word' id='word_1_8' title='bbox 507 675 539 738; x_wconf 92' lang='lat' dir='ltr'>in</span> <span class='ocrx_word' id='word_1_9' title='bbox 551 674 722 756; x_wconf 88' lang='lat' dir='ltr'>pugnando</span> <span class='ocrx_word' id='word_1_10' title='bbox 746 693 797 740; x_wconf 92' lang='lat' dir='ltr'>ce·</span> <span class='ocrx_word' id='word_1_11' title='bbox 871 695 985 760; x_wconf 88' lang='lat' dir='ltr'>,quem</span> <span class='ocrx_word' id='word_1_12' title='bbox 1017 677 1151 759; x_wconf 88' lang='lat' dir='ltr'>quisque</span> <span class='ocrx_word' id='word_1_13' title='bbox 1185 677 1273 741; x_wconf 85' lang='lat' dir='ltr'>vivos</span> <span class='ocrx_word' id='word_1_14' title='bbox 1303 694 1382 757; x_wconf 84' lang='lat' dir='ltr'>pug-</span> 
     </span>
     <span class='ocr_line' id='line_1_4' title="bbox 242 778 1383 862; baseline -0.001 -19"><span class='ocrx_word' id='word_1_15' title='bbox 242 784 336 860; x_wconf 90' lang='lat' dir='ltr'>perat</span> <span class='ocrx_word' id='word_1_16' title='bbox 358 778 471 859; x_wconf 90' lang='lat' dir='ltr'>locum,</span> <span class='ocrx_word' id='word_1_17' title='bbox 496 798 566 843; x_wconf 92' lang='lat' dir='ltr'>eum</span> <span class='ocrx_word' id='word_1_18' title='bbox 588 779 707 844; x_wconf 88' lang='lat' dir='ltr'>amissa</span> <span class='ocrx_word' id='word_1_19' title='bbox 731 779 798 843; x_wconf 90' lang='lat' dir='ltr'>ani·</span> <span class='ocrx_word' id='word_1_20' title='bbox 826 779 932 844; x_wconf 89' lang='lat' dir='ltr'>nando</span> <span class='ocrx_word' id='word_1_21' title='bbox 978 782 1080 847; x_wconf 91' lang='lat' dir='ltr'>locum</span> <span class='ocrx_word' id='word_1_22' title='bbox 1122 785 1272 862; x_wconf 82' lang='lat' dir='ltr'>ceperat,</span> <span class='ocrx_word' id='word_1_23' title='bbox 1311 797 1383 846; x_wconf 90' lang='lat' dir='ltr'>eum</span> 
     </span>
     <span class='ocr_line' id='line_1_5' title="bbox 243 881 1382 966; baseline 0.002 -20"><span class='ocrx_word' id='word_1_24' title='bbox 243 903 294 948; x_wconf 89' lang='lat' dir='ltr'>ma</span> <span class='ocrx_word' id='word_1_25' title='bbox 318 901 450 963; x_wconf 89' lang='lat' dir='ltr'>corpore</span> <span class='ocrx_word' id='word_1_26' title='bbox 475 881 618 966; x_wconf 88' lang='lat' dir='ltr'>tegebat.</span> <span class='ocrx_word' id='word_1_27' title='bbox 658 882 799 947; x_wconf 82' lang='lat' dir='ltr'>Catilina</span> <span class='ocrx_word' id='word_1_28' title='bbox 827 885 946 950; x_wconf 87' lang='lat' dir='ltr'>amissa</span> <span class='ocrx_word' id='word_1_29' title='bbox 960 885 1066 951; x_wconf 88' lang='lat' dir='ltr'>anima</span> <span class='ocrx_word' id='word_1_30' title='bbox 1084 903 1218 965; x_wconf 88' lang='lat' dir='ltr'>corpore</span> <span class='ocrx_word' id='word_1_31' title='bbox 1241 881 1382 966; x_wconf 87' lang='lat' dir='ltr'>tegebat.</span> 
     </span>
     <span class='ocr_line' id='line_1_6' title="bbox 242 987 1384 1074; baseline 0.002 -23"><span class='ocrx_word' id='word_1_32' title='bbox 242 987 336 1067; x_wconf 86' lang='lat' dir='ltr'>longe</span> <span class='ocrx_word' id='word_1_33' title='bbox 359 1007 378 1051; x_wconf 90' lang='lat' dir='ltr'>a</span> <span class='ocrx_word' id='word_1_34' title='bbox 401 987 467 1050; x_wconf 87' lang='lat' dir='ltr'>suis</span> <span class='ocrx_word' id='word_1_35' title='bbox 490 988 575 1052; x_wconf 90' lang='lat' dir='ltr'>inter</span> <span class='ocrx_word' id='word_1_36' title='bbox 587 987 725 1053; x_wconf 90' lang='lat' dir='ltr'>hostium</span> <span class='ocrx_word' id='word_1_37' title='bbox 743 1006 797 1052; x_wconf 90' lang='lat' dir='ltr'>ca·</span> <span class='ocrx_word' id='word_1_38' title='bbox 827 1036 938 1052; x_wconf 88' lang='grc'><strong>......</strong></span> <span class='ocrx_word' id='word_1_39' title='bbox 964 989 1104 1055; x_wconf 75' lang='lat' dir='ltr'>Catilina</span> <span class='ocrx_word' id='word_1_40' title='bbox 1134 1008 1210 1055; x_wconf 90' lang='lat' dir='ltr'>vero</span> <span class='ocrx_word' id='word_1_41' title='bbox 1239 989 1335 1074; x_wconf 89' lang='lat' dir='ltr'>longe</span> <span class='ocrx_word' id='word_1_42' title='bbox 1365 1006 1384 1053; x_wconf 88' lang='lat' dir='ltr'>a</span> 
     </span>
     <span class='ocr_line' id='line_1_7' title="bbox 243 1090 1386 1160; baseline 0.002 -4"><span class='ocrx_word' id='word_1_43' title='bbox 243 1093 361 1156; x_wconf 88' lang='lat' dir='ltr'>davera</span> <span class='ocrx_word' id='word_1_44' title='bbox 384 1091 531 1155; x_wconf 87' lang='lat' dir='ltr'>inventus</span> <span class='ocrx_word' id='word_1_45' title='bbox 556 1090 635 1156; x_wconf 83' lang='lat' dir='ltr'>est.“</span> <span class='ocrx_word' id='word_1_46' title='bbox 826 1091 894 1155; x_wconf 89' lang='lat' dir='ltr'>suis</span> <span class='ocrx_word' id='word_1_47' title='bbox 929 1093 1014 1157; x_wconf 91' lang='lat' dir='ltr'>inter</span> <span class='ocrx_word' id='word_1_48' title='bbox 1053 1093 1194 1159; x_wconf 90' lang='lat' dir='ltr'>hostium</span> <span class='ocrx_word' id='word_1_49' title='bbox 1227 1093 1386 1160; x_wconf 89' lang='lat' dir='ltr'>cadavera</span> 
     </span>
    </p>

    <p class='ocr_par' dir='ltr' id='par_1_4' title="bbox 330 1152 1209 1381">
     <span class='ocr_line' id='line_1_8' title="bbox 810 1152 1209 1274; baseline 0.01 -16"><span class='ocrx_word' id='word_1_50' title='bbox 810 1152 974 1274; x_wconf 56' lang='lat' dir='ltr'>brepertus</span> <span class='ocrx_word' id='word_1_51' title='bbox 998 1197 1079 1262; x_wconf 86' lang='lat' dir='ltr'>est.“</span> <span class='ocrx_word' id='word_1_52' title='bbox 1202 1225 1209 1234; x_wconf 85' lang='lat'><em>·</em></span> 
     </span>
     <span class='ocr_line' id='line_1_9' title="bbox 330 1293 1136 1381; baseline 0.002 -17"><span class='ocrx_word' id='word_1_53' title='bbox 330 1299 368 1364; x_wconf 85' lang='lat' dir='ltr'>cf.</span> <span class='ocrx_word' id='word_1_54' title='bbox 393 1318 474 1380; x_wconf 90' lang='lat' dir='ltr'>quae</span> <span class='ocrx_word' id='word_1_55' title='bbox 497 1306 587 1364; x_wconf 88' lang='lat' dir='ltr'>reete</span> <span class='ocrx_word' id='word_1_56' title='bbox 611 1297 706 1364; x_wconf 85' lang='lat' dir='ltr'>affert</span> <span class='ocrx_word' id='word_1_57' title='bbox 730 1299 853 1364; x_wconf 87' lang='lat' dir='ltr'>Diibius</span> <span class='ocrx_word' id='word_1_58' title='bbox 876 1319 927 1381; x_wconf 87' lang='lat' dir='ltr'>pg.</span> <span class='ocrx_word' id='word_1_59' title='bbox 952 1306 1024 1366; x_wconf 87' lang='lat'>866.</span> <span class='ocrx_word' id='word_1_60' title='bbox 1134 1293 1136 1298; x_wconf 73' lang='grc'><strong>’</strong></span> 
     </span>
    </p>
   </div>
   <div class='ocr_carea' id='block_1_3' title="bbox 510 1509 1113 1612">
    <p class='ocr_par' dir='ltr' id='par_1_5' title="bbox 510 1509 1113 1612">
     <span class='ocr_line' id='line_1_10' title="bbox 510 1509 1113 1612; baseline 0.005 -20"><span class='ocrx_word' id='word_1_61' title='bbox 510 1509 786 1612; x_wconf 78' lang='lat' dir='ltr'>Eutropius</span> <span class='ocrx_word' id='word_1_62' title='bbox 816 1510 867 1594; x_wconf 89' lang='lat' dir='ltr'>et</span> <span class='ocrx_word' id='word_1_63' title='bbox 895 1509 1113 1595; x_wconf 89' lang='lat' dir='ltr'>Orosius.</span> 
     </span>
    </p>
   </div>
   <div class='ocr_carea' id='block_1_4' title="bbox 243 1659 1384 1846">
    <p class='ocr_par' dir='ltr' id='par_1_6' title="bbox 243 1659 1384 1846">
     <span class='ocr_line' id='line_1_11' title="bbox 329 1659 1384 1743; baseline 0.003 -19"><span class='ocrx_word' id='word_1_64' title='bbox 329 1661 529 1742; x_wconf 85' lang='lat' dir='ltr'>Eutropium,</span> <span class='ocrx_word' id='word_1_65' title='bbox 554 1661 643 1741; x_wconf 89' lang='lat' dir='ltr'>cujus</span> <span class='ocrx_word' id='word_1_66' title='bbox 666 1659 858 1724; x_wconf 84' lang='lat' dir='ltr'>mentionem</span> <span class='ocrx_word' id='word_1_67' title='bbox 890 1659 972 1724; x_wconf 85' lang='lat' dir='ltr'>facio</span> <span class='ocrx_word' id='word_1_68' title='bbox 1004 1680 1043 1725; x_wconf 93' lang='lat' dir='ltr'>ne</span> <span class='ocrx_word' id='word_1_69' title='bbox 1076 1662 1145 1743; x_wconf 89' lang='lat' dir='ltr'>ejus</span> <span class='ocrx_word' id='word_1_70' title='bbox 1168 1660 1288 1728; x_wconf 90' lang='lat' dir='ltr'>oblitus</span> <span class='ocrx_word' id='word_1_71' title='bbox 1312 1679 1384 1727; x_wconf 87' lang='lat' dir='ltr'>esse</span> 
     </span>
     <span class='ocr_line' id='line_1_12' title="bbox 243 1763 1383 1846; baseline 0 -18"><span class='ocrx_word' id='word_1_72' title='bbox 243 1765 363 1841; x_wconf 88' lang='lat' dir='ltr'>videar,</span> <span class='ocrx_word' id='word_1_73' title='bbox 386 1765 511 1828; x_wconf 89' lang='lat' dir='ltr'>Livium</span> <span class='ocrx_word' id='word_1_74' title='bbox 535 1765 733 1846; x_wconf 79' lang='lat' dir='ltr'>excerpsisse</span> <span class='ocrx_word' id='word_1_75' title='bbox 757 1763 931 1828; x_wconf 90' lang='lat' dir='ltr'>verisimile</span> <span class='ocrx_word' id='word_1_76' title='bbox 955 1770 1013 1830; x_wconf 89' lang='lat' dir='ltr'>est.</span> <span class='ocrx_word' id='word_1_77' title='bbox 1050 1765 1183 1831; x_wconf 91' lang='lat' dir='ltr'>Orosius</span> <span class='ocrx_word' id='word_1_78' title='bbox 1206 1765 1260 1830; x_wconf 93' lang='lat' dir='ltr'>VI.</span> <span class='ocrx_word' id='word_1_79' title='bbox 1286 1770 1304 1829; x_wconf 89' lang='lat'><strong>6</strong></span> <span class='ocrx_word' id='word_1_80' title='bbox 1329 1763 1383 1846; x_wconf 90' lang='lat' dir='ltr'>qui</span> 
     </span>
    </p>
   </div>
   <div class='ocr_carea' id='block_1_5' title="bbox 244 1867 1517 1954">
    <p class='ocr_par' dir='ltr' id='par_1_7' title="bbox 244 1867 1517 1954">
     <span class='ocr_line' id='line_1_13' title="bbox 244 1867 1517 1954; baseline -0.001 -19"><span class='ocrx_word' id='word_1_81' title='bbox 244 1870 492 1950; x_wconf 84' lang='lat' dir='ltr'>conjurationem</span> <span class='ocrx_word' id='word_1_82' title='bbox 531 1876 649 1954; x_wconf 86' lang='lat' dir='ltr'>agente</span> <span class='ocrx_word' id='word_1_83' title='bbox 683 1869 837 1934; x_wconf 84' lang='lat' dir='ltr'>Cicerone</span> <span class='ocrx_word' id='word_1_84' title='bbox 877 1867 1081 1934; x_wconf 86' lang='lat' dir='ltr'>describente</span> <span class='ocrx_word' id='word_1_85' title='bbox 1111 1869 1265 1935; x_wconf 84' lang='lat' dir='ltr'>Sallustio</span> <span class='ocrx_word' id='word_1_86' title='bbox 1303 1868 1385 1934; x_wconf 90' lang='lat' dir='ltr'>satis</span> <span class='ocrx_word' id='word_1_87' title='bbox 1514 1917 1517 1922; x_wconf 68' lang='lat'><em>,</em></span> 
     </span>
    </p>
   </div>
   <div class='ocr_carea' id='block_1_6' title="bbox 243 1971 1386 2366">
    <p class='ocr_par' dir='ltr' id='par_1_8' title="bbox 243 1971 1386 2366">
     <span class='ocr_line' id='line_1_14' title="bbox 243 1971 1384 2054; baseline -0.002 -15"><span class='ocrx_word' id='word_1_88' title='bbox 243 1971 390 2039; x_wconf 90' lang='lat' dir='ltr'>omnibus</span> <span class='ocrx_word' id='word_1_89' title='bbox 412 1979 519 2038; x_wconf 89' lang='lat' dir='ltr'>notam</span> <span class='ocrx_word' id='word_1_90' title='bbox 543 1991 614 2038; x_wconf 87' lang='lat' dir='ltr'>esse</span> <span class='ocrx_word' id='word_1_91' title='bbox 638 1978 749 2054; x_wconf 87' lang='lat' dir='ltr'>putat,</span> <span class='ocrx_word' id='word_1_92' title='bbox 780 1971 929 2038; x_wconf 89' lang='lat' dir='ltr'>nonnulla</span> <span class='ocrx_word' id='word_1_93' title='bbox 960 1973 1000 2038; x_wconf 91' lang='lat' dir='ltr'>de</span> <span class='ocrx_word' id='word_1_94' title='bbox 1024 1974 1111 2039; x_wconf 91' lang='lat' dir='ltr'>exitu</span> <span class='ocrx_word' id='word_1_95' title='bbox 1134 1973 1290 2039; x_wconf 88' lang='lat' dir='ltr'>tumultus</span> <span class='ocrx_word' id='word_1_96' title='bbox 1315 1973 1384 2038; x_wconf 92' lang='lat' dir='ltr'>adi·</span> 
     </span>
     <span class='ocr_line' id='line_1_15' title="bbox 244 2076 1386 2158; baseline -0.001 -17"><span class='ocrx_word' id='word_1_97' title='bbox 244 2077 298 2154; x_wconf 89' lang='lat' dir='ltr'>cit,</span> <span class='ocrx_word' id='word_1_98' title='bbox 323 2095 404 2158; x_wconf 88' lang='lat' dir='ltr'>quae</span> <span class='ocrx_word' id='word_1_99' title='bbox 427 2096 530 2158; x_wconf 92' lang='lat' dir='ltr'>neque</span> <span class='ocrx_word' id='word_1_100' title='bbox 553 2078 593 2141; x_wconf 91' lang='lat' dir='ltr'>ad</span> <span class='ocrx_word' id='word_1_101' title='bbox 619 2077 806 2142; x_wconf 90' lang='lat' dir='ltr'>Ciceronem</span> <span class='ocrx_word' id='word_1_102' title='bbox 829 2083 862 2141; x_wconf 92' lang='lat' dir='ltr'>et</span> <span class='ocrx_word' id='word_1_103' title='bbox 884 2077 1102 2156; x_wconf 86' lang='lat' dir='ltr'>Plutarchum,</span> <span class='ocrx_word' id='word_1_104' title='bbox 1126 2096 1229 2158; x_wconf 91' lang='lat' dir='ltr'>neque</span> <span class='ocrx_word' id='word_1_105' title='bbox 1253 2078 1293 2143; x_wconf 86' lang='lat' dir='ltr'>ad</span> <span class='ocrx_word' id='word_1_106' title='bbox 1317 2076 1386 2143; x_wconf 86' lang='lat' dir='ltr'>Sal·</span> 
     </span>
     <span class='ocr_line' id='line_1_16' title="bbox 244 2180 1386 2264; baseline -0.001 -18"><span class='ocrx_word' id='word_1_107' title='bbox 244 2181 376 2246; x_wconf 89' lang='lat' dir='ltr'>lustinm</span> <span class='ocrx_word' id='word_1_108' title='bbox 399 2186 556 2264; x_wconf 88' lang='lat' dir='ltr'>spectant,</span> <span class='ocrx_word' id='word_1_109' title='bbox 585 2181 642 2246; x_wconf 88' lang='lat' dir='ltr'>sed</span> <span class='ocrx_word' id='word_1_110' title='bbox 667 2201 683 2245; x_wconf 92' lang='lat' dir='ltr'>e</span> <span class='ocrx_word' id='word_1_111' title='bbox 708 2180 798 2246; x_wconf 89' lang='lat' dir='ltr'>Livio</span> <span class='ocrx_word' id='word_1_112' title='bbox 820 2181 937 2246; x_wconf 88' lang='lat' dir='ltr'>hausta</span> <span class='ocrx_word' id='word_1_113' title='bbox 959 2186 1051 2264; x_wconf 91' lang='lat' dir='ltr'>sunt,</span> <span class='ocrx_word' id='word_1_114' title='bbox 1083 2200 1177 2264; x_wconf 89' lang='lat' dir='ltr'>quem</span> <span class='ocrx_word' id='word_1_115' title='bbox 1199 2182 1386 2263; x_wconf 89' lang='lat' dir='ltr'>plerumque</span> 
     </span>
     <span class='ocr_line' id='line_1_17' title="bbox 246 2287 597 2366; baseline -0.006 -16"><span class='ocrx_word' id='word_1_116' title='bbox 246 2304 417 2366; x_wconf 87' lang='lat' dir='ltr'>excerpere</span> <span class='ocrx_word' id='word_1_117' title='bbox 441 2287 533 2350; x_wconf 89' lang='lat' dir='ltr'>solet.</span> <span class='ocrx_word' id='word_1_118' title='bbox 559 2323 597 2332; x_wconf 87' lang='lat'>-</span> 
     </span>
    </p>
   </div>
   <div class='ocr_carea' id='block_1_7' title="bbox 333 2510 1388 2739">
    <p class='ocr_par' dir='ltr' id='par_1_9' title="bbox 333 2510 1388 2739">
     <span class='ocr_line' id='line_1_18' title="bbox 650 2510 979 2596; baseline 0 0"><span class='ocrx_word' id='word_1_119' title='bbox 650 2510 846 2596; x_wconf 84' lang='lat' dir='ltr'>Cassius</span> <span class='ocrx_word' id='word_1_120' title='bbox 874 2514 979 2596; x_wconf 90' lang='lat' dir='ltr'>Dio.</span> 
     </span>
     <span class='ocr_line' id='line_1_19' title="bbox 333 2652 1388 2739; baseline -0.003 -17"><span class='ocrx_word' id='word_1_121' title='bbox 333 2655 366 2722; x_wconf 87' lang='lat' dir='ltr'>Si</span> <span class='ocrx_word' id='word_1_122' title='bbox 401 2655 499 2737; x_wconf 87' lang='lat' dir='ltr'>paulo</span> <span class='ocrx_word' id='word_1_123' title='bbox 539 2655 727 2739; x_wconf 89' lang='lat' dir='ltr'>dihgentius</span> <span class='ocrx_word' id='word_1_124' title='bbox 766 2657 902 2722; x_wconf 90' lang='lat' dir='ltr'>Dionem</span> <span class='ocrx_word' id='word_1_125' title='bbox 937 2656 1089 2738; x_wconf 87' lang='lat' dir='ltr'>legimus,</span> <span class='ocrx_word' id='word_1_126' title='bbox 1129 2655 1236 2719; x_wconf 88' lang='lat' dir='ltr'>elucet</span> <span class='ocrx_word' id='word_1_127' title='bbox 1286 2652 1388 2719; x_wconf 85' lang='lat' dir='ltr'>multa</span> 
     </span>
    </p>
   </div>
   <div class='ocr_carea' id='block_1_8' title="bbox 247 2758 1489 2844">
    <p class='ocr_par' dir='ltr' id='par_1_10' title="bbox 247 2758 1489 2844">
     <span class='ocr_line' id='line_1_20' title="bbox 247 2758 1489 2844; baseline -0.004 -18"><span class='ocrx_word' id='word_1_128' title='bbox 247 2780 317 2826; x_wconf 92' lang='lat' dir='ltr'>eum</span> <span class='ocrx_word' id='word_1_129' title='bbox 341 2759 487 2842; x_wconf 90' lang='lat' dir='ltr'>proferre</span> <span class='ocrx_word' id='word_1_130' title='bbox 506 2779 587 2840; x_wconf 91' lang='lat' dir='ltr'>quae</span> <span class='ocrx_word' id='word_1_131' title='bbox 612 2759 697 2840; x_wconf 86' lang='lat' dir='ltr'>apud</span> <span class='ocrx_word' id='word_1_132' title='bbox 713 2765 839 2826; x_wconf 91' lang='lat' dir='ltr'>ceteros</span> <span class='ocrx_word' id='word_1_133' title='bbox 864 2766 1003 2844; x_wconf 89' lang='lat' dir='ltr'>autores,</span> <span class='ocrx_word' id='word_1_134' title='bbox 1033 2760 1062 2825; x_wconf 87' lang='lat' dir='ltr'>si</span> <span class='ocrx_word' id='word_1_135' title='bbox 1083 2758 1224 2840; x_wconf 86' lang='lat' dir='ltr'>singulos</span> <span class='ocrx_word' id='word_1_136' title='bbox 1246 2762 1387 2840; x_wconf 85' lang='lat' dir='ltr'>spectas,</span> <span class='ocrx_word' id='word_1_137' title='bbox 1482 2785 1489 2802; x_wconf 66' lang='lat'><strong>⁴</strong></span> 
     </span>
    </p>
   </div>
   <div class='ocr_carea' id='block_1_9' title="bbox 158 2862 1389 4296">
    <p class='ocr_par' dir='ltr' id='par_1_11' title="bbox 245 2862 1387 3050">
     <span class='ocr_line' id='line_1_21' title="bbox 245 2862 1387 2945; baseline -0.002 -16"><span class='ocrx_word' id='word_1_138' title='bbox 245 2884 307 2931; x_wconf 91' lang='lat' dir='ltr'>non</span> <span class='ocrx_word' id='word_1_139' title='bbox 339 2867 550 2930; x_wconf 90' lang='lat' dir='ltr'>inveniuntur.</span> <span class='ocrx_word' id='word_1_140' title='bbox 597 2865 719 2929; x_wconf 87' lang='lat' dir='ltr'>Partim</span> <span class='ocrx_word' id='word_1_141' title='bbox 751 2885 820 2929; x_wconf 91' lang='lat' dir='ltr'>cum</span> <span class='ocrx_word' id='word_1_142' title='bbox 853 2865 1022 2942; x_wconf 88' lang='lat' dir='ltr'>Cicerone,</span> <span class='ocrx_word' id='word_1_143' title='bbox 1068 2865 1186 2945; x_wconf 90' lang='lat' dir='ltr'>partim</span> <span class='ocrx_word' id='word_1_144' title='bbox 1217 2881 1289 2929; x_wconf 88' lang='lat' dir='ltr'>cum</span> <span class='ocrx_word' id='word_1_145' title='bbox 1318 2862 1387 2928; x_wconf 87' lang='lat' dir='ltr'>Sal·</span> 
     </span>
     <span class='ocr_line' id='line_1_22' title="bbox 245 2965 1387 3050; baseline -0.005 -14"><span class='ocrx_word' id='word_1_146' title='bbox 245 2971 342 3036; x_wconf 87' lang='lat' dir='ltr'>lustio</span> <span class='ocrx_word' id='word_1_147' title='bbox 366 2969 539 3050; x_wconf 86' lang='lat' dir='ltr'>consentit,</span> <span class='ocrx_word' id='word_1_148' title='bbox 569 2969 741 3049; x_wconf 88' lang='lat' dir='ltr'>praecipue</span> <span class='ocrx_word' id='word_1_149' title='bbox 767 2988 842 3034; x_wconf 88' lang='lat' dir='ltr'>vero</span> <span class='ocrx_word' id='word_1_150' title='bbox 866 2988 936 3034; x_wconf 91' lang='lat' dir='ltr'>cum</span> <span class='ocrx_word' id='word_1_151' title='bbox 956 2969 1129 3033; x_wconf 90' lang='lat' dir='ltr'>Plutarcho</span> <span class='ocrx_word' id='word_1_152' title='bbox 1151 2965 1387 3032; x_wconf 88' lang='lat' dir='ltr'>necessitudine</span> 
     </span>
    </p>

    <p class='ocr_par' dir='ltr' id='par_1_12' title="bbox 158 3068 1389 4296">
     <span class='ocr_line' id='line_1_23' title="bbox 193 3068 1386 3154; baseline -0.005 -16"><span class='ocrx_word' id='word_1_153' title='bbox 193 3096 196 3107; x_wconf 90' lang='lat'><em>·</em></span> <span class='ocrx_word' id='word_1_154' title='bbox 246 3074 385 3154; x_wconf 87' lang='lat' dir='ltr'>quadam</span> <span class='ocrx_word' id='word_1_155' title='bbox 408 3073 568 3137; x_wconf 83' lang='lat' dir='ltr'>cohaeret.</span> <span class='ocrx_word' id='word_1_156' title='bbox 614 3073 728 3152; x_wconf 87' lang='lat' dir='ltr'>Itaque</span> <span class='ocrx_word' id='word_1_157' title='bbox 752 3091 814 3137; x_wconf 92' lang='lat' dir='ltr'>non</span> <span class='ocrx_word' id='word_1_158' title='bbox 845 3073 960 3136; x_wconf 91' lang='lat' dir='ltr'>mirum</span> <span class='ocrx_word' id='word_1_159' title='bbox 992 3077 1059 3150; x_wconf 87' lang='lat' dir='ltr'>est,</span> <span class='ocrx_word' id='word_1_160' title='bbox 1094 3072 1180 3135; x_wconf 88' lang='lat' dir='ltr'>viros</span> <span class='ocrx_word' id='word_1_161' title='bbox 1210 3070 1322 3134; x_wconf 88' lang='lat' dir='ltr'>doctos</span> <span class='ocrx_word' id='word_1_162' title='bbox 1353 3068 1386 3133; x_wconf 93' lang='lat' dir='ltr'>in</span> 
     </span>
     <span class='ocr_line' id='line_1_24' title="bbox 158 3169 1387 3258; baseline -0.007 -14"><span class='ocrx_word' id='word_1_163' title='bbox 158 3203 161 3210; x_wconf 91' lang='grc'><em>·</em></span> <span class='ocrx_word' id='word_1_164' title='bbox 246 3178 392 3243; x_wconf 88' lang='lat' dir='ltr'>diversas</span> <span class='ocrx_word' id='word_1_165' title='bbox 415 3177 594 3242; x_wconf 89' lang='lat' dir='ltr'>sententias</span> <span class='ocrx_word' id='word_1_166' title='bbox 618 3175 806 3258; x_wconf 90' lang='lat' dir='ltr'>discedere,</span> <span class='ocrx_word' id='word_1_167' title='bbox 840 3180 1043 3258; x_wconf 89' lang='lat' dir='ltr'>quaerentes,</span> <span class='ocrx_word' id='word_1_168' title='bbox 1066 3192 1084 3240; x_wconf 92' lang='lat' dir='ltr'>e</span> <span class='ocrx_word' id='word_1_169' title='bbox 1107 3172 1222 3255; x_wconf 90' lang='lat' dir='ltr'>quibus</span> <span class='ocrx_word' id='word_1_170' title='bbox 1244 3169 1387 3237; x_wconf 83' lang='lat' dir='ltr'>lontibus</span> 
     </span>
     <span class='ocr_line' id='line_1_25' title="bbox 247 3277 1387 3361; baseline -0.006 -14"><span class='ocrx_word' id='word_1_171' title='bbox 247 3284 361 3348; x_wconf 88' lang='lat' dir='ltr'>Dicin</span> <span class='ocrx_word' id='word_1_172' title='bbox 384 3283 445 3346; x_wconf 90' lang='lat' dir='ltr'>hac</span> <span class='ocrx_word' id='word_1_173' title='bbox 469 3281 575 3361; x_wconf 88' lang='lat' dir='ltr'>operis</span> <span class='ocrx_word' id='word_1_174' title='bbox 598 3287 691 3361; x_wconf 89' lang='lat' dir='ltr'>parte</span> <span class='ocrx_word' id='word_1_175' title='bbox 714 3280 868 3344; x_wconf 88' lang='lat' dir='ltr'>hauserit.</span> <span class='ocrx_word' id='word_1_176' title='bbox 914 3279 1027 3360; x_wconf 88' lang='lat' dir='ltr'>Liceat</span> <span class='ocrx_word' id='word_1_177' title='bbox 1054 3277 1195 3342; x_wconf 88' lang='lat' dir='ltr'>breviter</span> <span class='ocrx_word' id='word_1_178' title='bbox 1217 3293 1387 3358; x_wconf 83' lang='lat' dir='ltr'>exponere,</span> 
     </span>
     <span class='ocr_line' id='line_1_26' title="bbox 246 3380 1389 3468; baseline -0.007 -16"><span class='ocrx_word' id='word_1_179' title='bbox 246 3405 328 3468; x_wconf 86' lang='lat' dir='ltr'>quae</span> <span class='ocrx_word' id='word_1_180' title='bbox 351 3383 609 3464; x_wconf 83' lang='lat' dir='ltr'>wilmansius1),</span> <span class='ocrx_word' id='word_1_181' title='bbox 645 3384 700 3465; x_wconf 90' lang='lat' dir='ltr'>qui</span> <span class='ocrx_word' id='word_1_182' title='bbox 734 3384 857 3464; x_wconf 88' lang='lat' dir='ltr'>primus</span> <span class='ocrx_word' id='word_1_183' title='bbox 893 3384 975 3448; x_wconf 91' lang='lat' dir='ltr'>hanc</span> <span class='ocrx_word' id='word_1_184' title='bbox 1009 3384 1228 3464; x_wconf 90' lang='lat' dir='ltr'>quaestionem</span> <span class='ocrx_word' id='word_1_185' title='bbox 1261 3380 1389 3445; x_wconf 88' lang='lat' dir='ltr'>videtur</span> 
     </span>
     <span class='ocr_line' id='line_1_27' title="bbox 248 3481 1388 3569; baseline -0.004 -15"><span class='ocrx_word' id='word_1_186' title='bbox 248 3491 396 3567; x_wconf 88' lang='lat' dir='ltr'>movisse,</span> <span class='ocrx_word' id='word_1_187' title='bbox 420 3489 459 3552; x_wconf 93' lang='lat' dir='ltr'>de</span> <span class='ocrx_word' id='word_1_188' title='bbox 475 3489 577 3569; x_wconf 90' lang='lat' dir='ltr'>Dione</span> <span class='ocrx_word' id='word_1_189' title='bbox 601 3481 767 3568; x_wconf 82' lang='lat' dir='ltr'>proferat.¹</span> <span class='ocrx_word' id='word_1_190' title='bbox 793 3487 873 3566; x_wconf 83' lang='lat' dir='ltr'>Quia</span> <span class='ocrx_word' id='word_1_191' title='bbox 897 3485 1113 3569; x_wconf 87' lang='lat' dir='ltr'>compluribus</span> <span class='ocrx_word' id='word_1_192' title='bbox 1137 3486 1215 3551; x_wconf 88' lang='lat' dir='ltr'>locis</span> <span class='ocrx_word' id='word_1_193' title='bbox 1232 3486 1293 3550; x_wconf 89' lang='lat' dir='ltr'>Dio</span> <span class='ocrx_word' id='word_1_194' title='bbox 1316 3503 1388 3558; x_wconf 87' lang='lat' dir='ltr'>cum</span> 
     </span>
     <span class='ocr_line' id='line_1_28' title="bbox 246 3592 1389 3674; baseline -0.005 -14"><span class='ocrx_word' id='word_1_195' title='bbox 246 3594 402 3660; x_wconf 87' lang='lat' dir='ltr'>Sallustio</span> <span class='ocrx_word' id='word_1_196' title='bbox 435 3594 613 3672; x_wconf 86' lang='lat' dir='ltr'>consentit,</span> <span class='ocrx_word' id='word_1_197' title='bbox 651 3593 755 3658; x_wconf 89' lang='lat' dir='ltr'>elucet</span> <span class='ocrx_word' id='word_1_198' title='bbox 789 3612 861 3658; x_wconf 90' lang='lat' dir='ltr'>eum</span> <span class='ocrx_word' id='word_1_199' title='bbox 885 3592 1019 3658; x_wconf 88' lang='lat' dir='ltr'>Sallusti</span> <span class='ocrx_word' id='word_1_200' title='bbox 1042 3592 1211 3657; x_wconf 88' lang='lat' dir='ltr'>Catilinam</span> <span class='ocrx_word' id='word_1_201' title='bbox 1245 3601 1389 3674; x_wconf 83' lang='lat' dir='ltr'>,summa</span> 
     </span>
     <span class='ocr_line' id='line_1_29' title="bbox 246 3695 1388 3782; baseline -0.003 -19"><span class='ocrx_word' id='word_1_202' title='bbox 246 3698 437 3782; x_wconf 80' lang='lat' dir='ltr'>diligentia“</span> <span class='ocrx_word' id='word_1_203' title='bbox 462 3699 648 3780; x_wconf 86' lang='lat' dir='ltr'>inspexisse.</span> <span class='ocrx_word' id='word_1_204' title='bbox 693 3698 819 3762; x_wconf 90' lang='lat' dir='ltr'>Deinde</span> <span class='ocrx_word' id='word_1_205' title='bbox 843 3695 966 3762; x_wconf 88' lang='lat' dir='ltr'>duobus</span> <span class='ocrx_word' id='word_1_206' title='bbox 994 3697 1074 3762; x_wconf 91' lang='lat' dir='ltr'>locis</span> <span class='ocrx_word' id='word_1_207' title='bbox 1097 3695 1304 3762; x_wconf 90' lang='lat' dir='ltr'>statuendum</span> <span class='ocrx_word' id='word_1_208' title='bbox 1327 3699 1388 3774; x_wconf 88' lang='lat' dir='ltr'>est,</span> 
     </span>
     <span class='ocr_line' id='line_1_30' title="bbox 247 3799 1388 3886; baseline -0.004 -18"><span class='ocrx_word' id='word_1_209' title='bbox 247 3820 318 3868; x_wconf 91' lang='lat' dir='ltr'>eum</span> <span class='ocrx_word' id='word_1_210' title='bbox 351 3801 514 3866; x_wconf 90' lang='lat' dir='ltr'>Ciceronis</span> <span class='ocrx_word' id='word_1_211' title='bbox 548 3802 712 3867; x_wconf 89' lang='lat' dir='ltr'>orationes</span> <span class='ocrx_word' id='word_1_212' title='bbox 745 3802 920 3886; x_wconf 86' lang='lat' dir='ltr'>diligenter</span> <span class='ocrx_word' id='word_1_213' title='bbox 960 3801 1081 3886; x_wconf 81' lang='lat' dir='ltr'>legisse</span> <span class='ocrx_word' id='word_1_214' title='bbox 1116 3807 1150 3866; x_wconf 88' lang='lat' dir='ltr'>et</span> <span class='ocrx_word' id='word_1_215' title='bbox 1181 3801 1282 3866; x_wconf 91' lang='lat' dir='ltr'>multa</span> <span class='ocrx_word' id='word_1_216' title='bbox 1313 3799 1388 3865; x_wconf 94' lang='lat' dir='ltr'>inde</span> 
     </span>
     <span class='ocr_line' id='line_1_31' title="bbox 245 3902 1388 3986; baseline -0.003 -16"><span class='ocrx_word' id='word_1_217' title='bbox 245 3905 430 3986; x_wconf 90' lang='lat' dir='ltr'>sumpsisse.</span> <span class='ocrx_word' id='word_1_218' title='bbox 477 3904 613 3970; x_wconf 84' lang='lat' dir='ltr'>Collatia</span> <span class='ocrx_word' id='word_1_219' title='bbox 636 3905 749 3969; x_wconf 86' lang='lat' dir='ltr'>Floro!</span> <span class='ocrx_word' id='word_1_220' title='bbox 786 3911 819 3970; x_wconf 90' lang='lat' dir='ltr'>et</span> <span class='ocrx_word' id='word_1_221' title='bbox 842 3904 1048 3986; x_wconf 88' lang='lat' dir='ltr'>Obsequente</span> <span class='ocrx_word' id='word_1_222' title='bbox 1083 3923 1151 3970; x_wconf 80' lang='lat' dir='ltr'>euni</span> <span class='ocrx_word' id='word_1_223' title='bbox 1183 3904 1285 3970; x_wconf 91' lang='lat' dir='ltr'>Dione</span> <span class='ocrx_word' id='word_1_224' title='bbox 1309 3902 1388 3968; x_wconf 92' lang='lat' dir='ltr'>Wil-</span> 
     </span>
     <span class='ocr_line' id='line_1_32' title="bbox 246 4006 1388 4093; baseline -0.002 -18"><span class='ocrx_word' id='word_1_225' title='bbox 246 4009 389 4075; x_wconf 89' lang='lat' dir='ltr'>mansius</span> <span class='ocrx_word' id='word_1_226' title='bbox 412 4008 543 4090; x_wconf 87' lang='lat' dir='ltr'>colligit,</span> <span class='ocrx_word' id='word_1_227' title='bbox 572 4008 696 4074; x_wconf 89' lang='lat' dir='ltr'>Livium</span> <span class='ocrx_word' id='word_1_228' title='bbox 719 4010 748 4074; x_wconf 93' lang='lat' dir='ltr'>ei</span> <span class='ocrx_word' id='word_1_229' title='bbox 771 4010 957 4074; x_wconf 91' lang='lat' dir='ltr'>innotuisse.</span> <span class='ocrx_word' id='word_1_230' title='bbox 1004 4009 1064 4074; x_wconf 90' lang='lat' dir='ltr'>His</span> <span class='ocrx_word' id='word_1_231' title='bbox 1087 4008 1223 4093; x_wconf 88' lang='lat' dir='ltr'>integris</span> <span class='ocrx_word' id='word_1_232' title='bbox 1246 4006 1388 4074; x_wconf 88' lang='lat' dir='ltr'>lontibus</span> 
     </span>
     <span class='ocr_line' id='line_1_33' title="bbox 246 4109 1388 4195; baseline -0.004 -16"><span class='ocrx_word' id='word_1_233' title='bbox 246 4133 308 4180; x_wconf 91' lang='lat' dir='ltr'>non</span> <span class='ocrx_word' id='word_1_234' title='bbox 342 4117 512 4178; x_wconf 89' lang='lat' dir='ltr'>contentus</span> <span class='ocrx_word' id='word_1_235' title='bbox 544 4112 584 4177; x_wconf 89' lang='lat' dir='ltr'>ad</span> <span class='ocrx_word' id='word_1_236' title='bbox 619 4113 783 4178; x_wconf 89' lang='lat' dir='ltr'>derivatos</span> <span class='ocrx_word' id='word_1_237' title='bbox 815 4132 940 4195; x_wconf 90' lang='lat' dir='ltr'>qnoque</span> <span class='ocrx_word' id='word_1_238' title='bbox 975 4131 1009 4178; x_wconf 93' lang='lat' dir='ltr'>se</span> <span class='ocrx_word' id='word_1_239' title='bbox 1037 4113 1234 4178; x_wconf 87' lang='lat' dir='ltr'>convertisse</span> <span class='ocrx_word' id='word_1_240' title='bbox 1258 4117 1291 4176; x_wconf 90' lang='lat' dir='ltr'>et</span> <span class='ocrx_word' id='word_1_241' title='bbox 1312 4109 1388 4174; x_wconf 93' lang='lat' dir='ltr'>Plu-</span> 
     </span>
     <span class='ocr_line' id='line_1_34' title="bbox 246 4213 1386 4296; baseline -0.004 -12"><span class='ocrx_word' id='word_1_242' title='bbox 246 4217 359 4284; x_wconf 88' lang='lat' dir='ltr'>tarcho</span> <span class='ocrx_word' id='word_1_243' title='bbox 376 4235 453 4281; x_wconf 90' lang='lat' dir='ltr'>usus</span> <span class='ocrx_word' id='word_1_244' title='bbox 466 4233 547 4293; x_wconf 90' lang='lat' dir='ltr'>esse,</span> <span class='ocrx_word' id='word_1_245' title='bbox 572 4217 646 4296; x_wconf 92' lang='lat' dir='ltr'>quin</span> <span class='ocrx_word' id='word_1_246' title='bbox 664 4218 763 4282; x_wconf 90' lang='lat' dir='ltr'>etiam</span> <span class='ocrx_word' id='word_1_247' title='bbox 776 4236 814 4281; x_wconf 92' lang='lat' dir='ltr'>ex</span> <span class='ocrx_word' id='word_1_248' title='bbox 825 4215 953 4283; x_wconf 92' lang='lat' dir='ltr'>infimae</span> <span class='ocrx_word' id='word_1_249' title='bbox 965 4217 1151 4282; x_wconf 86' lang='lat' dir='ltr'>autoritatis</span> <span class='ocrx_word' id='word_1_250' title='bbox 1163 4213 1386 4296; x_wconf 86' lang='lat' dir='ltr'>scriptoribus,</span> 
     </span>
    </p>
   </div>
   <div class='ocr_carea' id='block_1_10' title="bbox 249 4352 1388 4499">
    <p class='ocr_par' dir='ltr' id='par_1_13' title="bbox 249 4352 1388 4499">
     <span class='ocr_line' id='line_1_35' title="bbox 320 4352 1388 4424; baseline -0.003 -16"><span class='ocrx_word' id='word_1_251' title='bbox 320 4355 345 4423; x_wconf 90' lang='lat' dir='ltr'>l)</span> <span class='ocrx_word' id='word_1_252' title='bbox 364 4354 511 4412; x_wconf 81' lang='lat' dir='ltr'>Wilmans.</span> <span class='ocrx_word' id='word_1_253' title='bbox 537 4353 717 4411; x_wconf 78' lang='grc'><strong>1101011101.</strong></span> <span class='ocrx_word' id='word_1_254' title='bbox 738 4357 829 4410; x_wconf 88' lang='lat' dir='ltr'>autor.</span> <span class='ocrx_word' id='word_1_255' title='bbox 850 4354 948 4410; x_wconf 88' lang='lat' dir='ltr'>Dionis</span> <span class='ocrx_word' id='word_1_256' title='bbox 968 4355 1042 4410; x_wconf 86' lang='lat' dir='ltr'>Cass.</span> <span class='ocrx_word' id='word_1_257' title='bbox 1079 4355 1143 4410; x_wconf 89' lang='lat' dir='ltr'>diss.</span> <span class='ocrx_word' id='word_1_258' title='bbox 1164 4354 1258 4424; x_wconf 82' lang='lat' dir='ltr'>inaug.</span> <span class='ocrx_word' id='word_1_259' title='bbox 1297 4352 1388 4408; x_wconf 86' lang='lat' dir='ltr'>Berol.</span> 
     </span>
     <span class='ocr_line' id='line_1_36' title="bbox 249 4444 325 4499; baseline 0 -1"><span class='ocrx_word' id='word_1_260' title='bbox 249 4444 325 4499; x_wconf 78' lang='lat'>1835.</span> 
     </span>
    </p>
   </div>
   <div class='ocr_carea' id='block_1_11' title="bbox 0 0 1655 5070">
    <p class='ocr_par' dir='ltr' id='par_1_14' title="bbox 0 0 1655 5070">
     <span class='ocr_line' id='line_1_37' title="bbox 0 0 1655 5070; baseline 0 0"><span class='ocrx_word' id='word_1_261' title='bbox 0 0 1655 5070; x_wconf 95' lang='lat' dir='ltr'> </span> 
     </span>
    </p>
   </div>
  </div>
 </body>
</html>
