3292 5070
856 428 899 500 36:

309 621 391 687 quae
414 599 454 675 de
483 595 649 675 laudibus,
682 594 798 678 quibus
821 597 902 662 Cato
926 597 1114 670 Ciceronem
1137 596 1330 678 celebravit,
1362 594 1448 678 apud

308 707 514 774 Plutarchum
533 705 673 784 exstant,
697 720 714 766 e
730 701 883 767 Cicerone
899 701 1017 767 hausta
1033 704 1286 786 esse.existimo;
1304 702 1449 786 legimus

310 813 393 881 enim
417 809 501 890 apud
519 807 717 880 Ciceronem,
741 805 773 868 in
796 805 898 888 Piae
923 810 952 870 6.
1000 825 1069 888 „me
1094 805 1130 884 Q.
1144 807 1278 872 Catulus
1300 807 1452 887 princeps

310 919 441 982 senatus
466 917 498 978 et
522 917 616 976 autor
638 908 758 990 publici
782 910 907 974 consilii
922 908 1183 990 frequentissimo
1204 915 1448 990 senatuparen-

307 1026 373 1086 tem
404 1018 532 1101 patriae
561 1012 768 1080 nominavit“.
814 1016 841 1078 Α
870 1014 992 1079 Catone
1022 1033 1057 1079 se
1085 1016 1145 1080 hoc
1174 1015 1266 1080 niodo
1301 1022 1448 1079 ornatum

215 1148 217 1154 ·
309 1143 381 1192 esse
410 1139 572 1202 nunquam
596 1119 707 1185 Cicero
738 1118 905 1201 gloriatur.
951 1118 1063 1198 Neque
1092 1119 1264 1185 verisimile
1294 1124 1346 1182 est
1377 1136 1449 1182 eum
1496 1119 1498 1121 ’

308 1227 478 1309 scripsisse
501 1223 562 1288 sibi
584 1223 687 1304 primo
711 1222 901 1304 contigisse,
934 1227 970 1285 ut
1001 1230 1097 1303 pater
1119 1224 1244 1302 patriae
1267 1222 1448 1303 appellare·

308 1341 371 1414 tur,
395 1334 470 1416 quia
485 1349 595 1398 omnes
611 1348 648 1394 eo
665 1335 809 1409 tempore
824 1328 979 1411 sciebant,
1004 1330 1172 1395 Camillum
1189 1332 1235 1396 ita
1251 1332 1448 1412 appellatum

195 1441 201 1454 '
308 1459 388 1506 esse.
435 1437 498 1504 Sed
521 1437 602 1500 haec
634 1435 755 1498 leviora
777 1439 852 1498 sunt
882 1452 985 1514 neque
1012 1436 1147 1500 multum
1178 1437 1287 1501 valent
1310 1436 1349 1500 ad
1373 1437 1447 1500 illu·

310 1544 476 1612 strandam
487 1540 709 1623 quaestionem
720 1545 874 1602 nostram.
899 1537 953 1601 Sin
971 1545 1078 1603 autem
1094 1558 1161 1603 rem
1179 1558 1305 1604 ornnem
1318 1544 1447 1620 spectas

308 1649 404 1716 facile
429 1646 595 1723 concedes,
618 1642 784 1707 Plutarchi
806 1643 996 1707 relationem
1013 1645 1158 1725 exceptis
1177 1645 1346 1725 perpaucis
1368 1643 1448 1708 locis

309 1773 327 1820 e
362 1751 524 1819 Ciceronis
560 1749 806 1829 hypomnemate
841 1745 989 1810 haustam
1024 1765 1106 1810 esse.
1139 1781 1179 1792 —
1212 1747 1338 1824 Quanta
1371 1765 1447 1811 vero

308 1857 468 1924 autoritas
490 1853 665 1919 Plutarcho
696 1850 869 1916 tribuenda
898 1853 941 1915 sit
974 1857 1124 1933 apparet,
1160 1853 1214 1933 qui
1237 1871 1331 1917 unum
1357 1852 1446 1916 Cice·
1516 1901 1518 1908 ,

307 1979 418 2027 ronam
449 1965 578 2025 secutus
607 1961 696 2021 totus
725 1975 763 2019 ex
795 1974 832 2019 eo
864 1955 993 2036 pendet.
1040 1956 1124 2020 Sane
1155 1957 1266 2021 Cicero
1296 1956 1448 2020 nonnulla

308 2068 349 2132 de
372 2065 517 2131 consulto
542 2060 693 2127 obseurat
716 2066 750 2126 et
765 2060 895 2138 omittit,
920 2060 977 2123 sed
1000 2059 1061 2124 hoc
1084 2059 1221 2125 fructum
1237 2079 1331 2142 quem
1354 2059 1447 2124 nobis

307 2168 445 2253 praebet
473 2187 541 2232 non·
559 2164 729 2242 deminuit,
764 2165 863 2228 ceteri
898 2165 981 2228 enim
1012 2165 1187 2244 scriptores
1216 2163 1376 2245 efficiunt,
1410 2169 1447 2228 ut

309 2279 397 2339 certo
420 2271 568 2350 sciamus,
596 2265 711 2349 quibus
734 2267 813 2331 locis
836 2267 1028 2332 Plutarchus
1052 2286 1121 2332 cum
1145 2267 1298 2333 Cicerone
1322 2287 1340 2331 a
1363 2265 1446 2330 veri·

308 2382 377 2443 tate
401 2375 560 2442 deflectat.
586 2407 625 2420 -

740 2578 1020 2664 Suetonius.

318 2753 321 2760 Δ
396 2723 517 2790 Summi
539 2722 693 2787 momenti
715 2727 765 2786 est
788 2723 920 2788 Suetoni
950 2723 1084 2800 relatio,
1117 2723 1171 2802 qui
1199 2723 1230 2787 in
1266 2723 1350 2788 vitae
1373 2725 1445 2788 Divi

309 2827 387 2894 Julii
411 2847 501 2909 capp.
527 2833 673 2909 s,14,17
706 2829 919 2908 suspicionem
950 2828 989 2892 de
1014 2827 1153 2892 Caesare
1185 2835 1328 2892 exortam
1361 2847 1446 2893 com-

307 2938 474 2998 memorat.
521 2931 673 2996 Graviter
705 2931 849 2996 dolemus
871 2931 956 3012 quod
979 2951 1040 2995 non
1065 2936 1166 2995 totam
1182 2932 1447 3016 conjurationem,

305 3038 364 3102 sed
388 3055 427 3102 ea
450 3041 575 3102 tanturn
597 3054 679 3116 quae
702 3037 743 3100 ad
767 3034 940 3100 Caesarem
963 3035 1142 3116 pertinent,
1177 3035 1347 3100 Suetonius
1370 3055 1443 3118 per·

308 3146 438 3206 tractat.
476 3139 664 3220 Complures
686 3139 770 3202 enim
793 3139 898 3204 fontes
914 3139 1066 3220 nominat,
1091 3139 1145 3219 qui
1160 3139 1330 3204 Caesarem
1355 3160 1445 3204 coar·

309 3249 410 3327 guunt
433 3244 663 3326 conjurationis
686 3245 876 3324 participem
899 3243 1008 3309 fuisse.
1055 3243 1094 3308 cl.
1120 3263 1188 3324 cap.
1214 3250 1242 3326 9,
1275 3247 1446 3328 ,memine-

309 3354 385 3416 runt
406 3349 502 3430 hujus
526 3349 756 3429 conjurationis
780 3349 938 3413 Tanusius
962 3349 1115 3412 Geminus
1148 3349 1180 3413 in
1214 3349 1367 3431 historia,
1402 3350 1445 3414 M.

308 3454 440 3522 Bibulus
463 3456 495 3518 in
518 3453 644 3535 edictis,
667 3453 711 3516 M.
736 3453 831 3518 Curio
855 3460 949 3533 pater
971 3454 1004 3517 in
1027 3452 1234 3532 orationibus,
1267 3455 1307 3518 de
1329 3455 1390 3518 hao
1414 3461 1447 3518 et

309 3557 490 3641 significare
512 3559 640 3623 videtur
655 3558 767 3623 Cicero
789 3557 823 3621 in
846 3559 982 3639 quadam
1007 3558 1144 3638 epistola
1168 3558 1209 3622 ad
1227 3558 1339 3622 Axium
1361 3558 1414 3622 ref
1432 3593 1446 3606 -

306 3663 588 3741 rensCaesarem
605 3663 635 3725 in
651 3661 819 3726 consulatu
835 3661 1040 3727 confirmasse
1063 3681 1204 3743 regnum,
1227 3661 1311 3743 quod
1333 3663 1446 3726 aedilis

309 3767 501 3848 cogitarat“.
547 3767 655 3831 Etiam
679 3766 721 3829 M.
746 3767 896 3832 Actorius
919 3767 1006 3832 Naso
1029 3767 1124 3831 testis
1146 3765 1318 3847 profertur.

396 3869 540 3946 Quatuor
562 3874 692 3934 autores
714 3870 816 3952 igitur
831 3861 1019 3947 invenimus,
1043 3871 1095 3951 qul
1113 3869 1216 3934 adhuc
1233 3866 1324 3934 nobis
1343 3871 1447 3953 ignoti

312 3979 416 4055 erant,
440 3992 573 4053 quorum
597 3973 718 4053 scripta
741 3974 910 4054 deperdita
934 3979 1017 4039 sunt.
1053 3973 1101 4038 Ad
1126 3974 1256 4039 eosdem
1278 3973 1385 4039 fontes
1409 3993 1448 4040 ea

311 4094 446 4158 quoque,
470 4096 551 4158 quae
574 4078 612 4159 in
631 4095 720 4158 capp.
748 4082 786 4141 14
803 4084 837 4142 et
854 4080 893 4141 17
918 4082 1046 4143 exstant
1067 4076 1239 4169 referenda
1258 4095 1330 4142 esse
1351 4076 1448 4142 lacile

308 4311 367 4350 esse
386 4295 480 4351 sumit.
518 4295 685 4351 Bureschius
703 4315 749 4367 pg.
768 4298 822 4352 233
841 4297 996 4364 existimat,
1025 4297 1186 4351 Ciceronem
1216 4295 1245 4349 in
1276 4295 1331 4349 fine
1356 4295 1449 4350 libelli

308 4383 404 4439 laudes
423 4402 440 4439 a
456 4385 561 4440 Catone
581 4384 635 4440 sibi
654 4387 776 4441 tributas
795 4403 953 4454 enarrasse,
987 4385 1086 4454 itaque
1111 4386 1179 4440 haec
1205 4399 1318 4452 quoque
1343 4401 1377 4439 ex
1396 4385 1448 4454 hy·

306 4481 483 4542 pomnomata
501 4475 649 4531 effluxisse.
