3292 5070
802 377 843 436 24

253 545 358 614 nobis.
376 546 411 612 in
433 551 575 612 mentem
597 550 759 612 revocant.
784 581 826 590 —
849 542 939 622 Quae
974 542 1014 609 de
1042 542 1120 610 filiis
1141 542 1398 626 proscriptorum

252 651 447 718 Plutarchus
469 655 591 733 narrat,
614 647 756 732 perbene
779 649 983 716 consentiunt
1006 667 1078 715 curn
1102 648 1277 732 Cicerone,
1301 648 1342 715 cf.
1365 649 1400 716 in

253 756 317 822 Pis.
341 761 362 821 4
386 775 466 840 ,ego
488 755 712 821 adolescentes
734 751 836 821 bonos
868 758 903 819 et
922 751 1018 820 fortis
1040 751 1099 820 sed
1121 770 1198 819 usos
1228 770 1267 820 oa
1290 752 1400 820 condi·

255 861 364 944 aione,
393 865 430 927 ut
460 860 489 926 si
520 864 631 927 essent
651 859 865 940 magistratus
888 856 999 940 adepti
1027 858 1077 924 rei
1105 856 1254 939 publicae
1277 862 1400 926 statum

254 965 435 1034 conuulsuri
457 963 660 1044 viderentur,
690 964 892 1030 comitiorum
922 963 1047 1029 ratione
1070 962 1225 1046 privavi.“
1272 963 1398 1042 Quinti-

255 1076 360 1140 lianus
383 1090 510 1155 quoque
531 1071 628 1153 hujus
649 1071 699 1137 111
721 1071 916 1137 mentionem
939 1069 1034 1148 lacit,
1068 1066 1107 1135 of.
1131 1069 1238 1136 instit.
1272 1089 1319 1136 or.
1341 1070 1399 1136 XI.

257 1183 283 1256 l,
296 1182 337 1244 85
362 1175 558 1261 ,mollienda
587 1180 638 1242 est
668 1175 700 1240 in
722 1174 885 1257 plerisque
916 1174 979 1240 alio
1009 1173 1119 1239 colore
1142 1174 1304 1255 asperitas
1326 1192 1400 1240 ora·

254 1281 363 1364 tionis,
385 1285 422 1347 ut
436 1280 550 1347 Cicero
567 1279 607 1346 de
622 1279 875 1363 proscriptorum
898 1278 974 1345 filiis
996 1277 1083 1358 feeit,
1106 1285 1277 1346 assecutus
1291 1279 1401 1362 itaque

253 1391 304 1452 est
332 1390 370 1452 ut
398 1385 521 1467 aliquid
545 1404 656 1452 eorum
686 1404 812 1468 quoque
844 1404 942 1452 causa
964 1384 1130 1452 videretur
1152 1383 1263 1452 facere
1285 1391 1398 1453 contra

253 1509 333 1574 quos
357 1489 510 1557 diceret“
1244 1565 1249 1574 Ι

339 1595 493 1678 Sequitur
516 1596 567 1661 111
578 1595 718 1677 agraria,
742 1613 839 1676 quam
853 1594 968 1661 iisdem
992 1593 1060 1660 iere
1082 1593 1191 1661 uerbis
1204 1594 1400 1662 Plutarchus

252 1703 384 1780 tractat,
407 1687 523 1781 quibus
545 1698 659 1765 (111111
681 1698 714 1763 in
737 1697 937 1765 orationibus
959 1699 1027 1764 suis
1049 1699 1162 1766 utitur.
1207 1698 1257 1764 Ne
1280 1699 1397 1784 longus

252 1805 368 1870 simin
391 1801 565 1871 efferendis
586 1802 666 1868 locis
689 1802 729 1868 cf.
755 1801 795 1868 de
817 1803 879 1885 leg.
905 1822 975 1888 agr.
998 1804 1040 1868 ll.
1066 1808 1117 1869 32.
1164 1803 1254 1882 Quae
1276 1802 1398 1870 111111-

252 1908 340 1974 tonio
365 1908 541 1974 invenimus
565 1926 583 1971 1
606 1906 761 1973 Cicerone
784 1911 913 1989 sumpta
936 1925 1009 1974 esse
1031 1926 1091 1990 pro
1115 1912 1206 1974 certo
1228 1905 1336 1974 credo.

339 2010 568 2092 Recordemur,
591 2009 749 2091 quomodo
762 2011 876 2078 Cicero
899 2011 1029 2093 saepius
1045 2011 1179 2077 Antonii
1200 2010 1397 2078 mentionem

253 2115 363 2183 faciat.
411 2115 577 2200 Collegam
609 2134 680 2181 cum
703 2114 842 2182 tribunis
875 2116 915 2183 de
946 2117 1018 2198 lege
1042 2116 1171 2199 agraria
1195 2115 1398 2199 conspirasse

252 2219 421 2301 signifieat,
445 2219 486 2286 cf.
508 2219 549 2285 de
571 2221 632 2302 leg.
655 2220 780 2302 agrss.
800 2225 861 2286 103
885 2219 1079 2306 ,concordia
1102 2239 1198 2303 quam
1219 2219 1299 2286 mihi
1321 2239 1396 2286 oon·

252 2323 346 2390 111111
375 2341 446 2391 oum
471 2325 594 2407 collega
615 2325 818 2392 invitissimis
848 2324 899 2391 his
922 2322 1136 2391 hominibus.“
1171 2323 1211 2390 of.
1234 2325 1267 2390 in
1289 2323 1355 2390 Pis.
1379 2329 1398 2390 5

253 2447 336 2514 ,ego
359 2429 531 2495 Antonium
554 2429 719 2512 conlegam
736 2429 845 2496 multa
866 2429 900 2494 in
922 2447 959 2495 11
980 2428 1109 2511 publica
1131 2429 1317 2495 molientem
1340 2448 1396 2510 pa·

250 2534 367 2600 11111111
398 2538 496 2616 atque
528 2531 682 2616 obsequio
713 2532 890 2619 mitigavi.“
943 2533 1104 2600 Catilinae
1136 2533 1396 2600 familiaritatem

252 2656 350 2720 saepe
373 2637 402 2704 si
424 2636 544 2720 obicit,
568 2637 608 2706 cl.
631 2644 764 2720 praeter
786 2638 964 2703 orationem
987 2639 1020 2704 in
1043 2643 1120 2720 toga
1142 2637 1281 2705 candida
1300 2635 1394 2704 habi-

250 2747 320 2806 tam
346 2758 405 2823 pro
429 2739 535 2807 Sestio
558 2747 578 2807 8
604 2761 683 2828 ,ego
705 2742 746 2808 de
769 2742 909 2808 Antonio
931 2741 1012 2808 nihil
1036 2741 1109 2808 dico
1131 2747 1265 2823 praeter
1286 2758 1395 2824 unum,
1433 2759 1436 2766 ·

251 2864 412 2928 nunqnam
440 2846 531 2912 illum
564 2846 597 2911 in
628 2847 685 2912 illo
717 2864 841 2913 summo
871 2846 987 2912 timore
1018 2865 1055 2912 11
1087 2847 1230 2928 periculo
1253 2845 1395 2912 civitatis

251 2967 354 3030 neque
377 2967 575 3014 communem
597 2955 718 3016 metum
742 2949 881 3016 omnium
904 2968 962 3016 nec
984 2951 1149 3034 propriam
1172 2951 1397 3017 nonnullorum

251 3053 292 3119 de
321 3053 392 3135 ipso
416 3053 642 3135 suspicionem.
661 3059 718 3121 aut
744 3051 912 3120 infitiando
935 3054 1051 3121 tollere
1082 3059 1139 3121 aut
1161 3054 1420 3126 dissimulando.

135 3218 138 3223 .
250 3156 366 3222 sedare
380 3156 532 3240 voluisse,
555 3157 588 3221 in
612 3174 675 3239 quo
691 3158 813 3240 collega
827 3158 1025 3225 moderando
1049 3163 1083 3224 et
1098 3159 1286 3226 sustinendo
1298 3160 1397 3239 ....“‚

250 3261 284 3325 in
307 3260 454 3326 oratione
481 3280 540 3343 pro
562 3261 698 3329 Murena
719 3260 833 3352 habita
857 3261 887 3346 (5
910 3261 967 3346 49)
993 3263 1106 3330 Cicero
1139 3263 1229 3329 illum
1251 3261 1395 3330 inflatum

251 3365 396 3450 collegae
417 3365 586 3447 promissis
609 3385 681 3432 esse
707 3366 788 3432 dioit
819 3365 858 3433 ci.
883 3385 1008 3449 quoque
1036 3386 1096 3450 pro
1120 3366 1226 3435 Sestio
1252 3372 1308 3447 12,
1341 3367 1398 3436 ubi

249 3468 375 3562 Sestius
398 3469 547 3536 Ciceroni
569 3471 699 3553 adJutor
721 3470 823 3537 luisse
853 3471 971 3537 dieitur
998 3472 1041 3537 ad
1065 3470 1270 3539 excitandum
1293 3474 1395 3540 Anto·

248 3573 346 3656 nium,
362 3573 606 3660 cohortandum,
619 3575 844 3658 accusandum,
858 3575 1105 3658 impellendum
1128 3577 1231 3644 multa
1246 3576 1399 3658 Sestium,

249 3695 321 3742 cum
336 3673 426 3745 esset
437 3684 592 3761 quaestor
607 3680 748 3761 Antonii,
772 3681 923 3761 sensisse,
941 3678 1133 3764 providisse,
1156 3681 1198 3747 ad
1212 3681 1398 3748 Ciceronem

248 3780 414 3849 detulisse.
438 3819 479 3830 —

249 3923 302 3978 42.
336 3883 385 3951 De
417 3887 590 3969 provinciis
625 3887 666 3953 cl.
707 3887 740 3952 in
769 3888 876 3954 Pis.5
916 3906 994 3974 ,ego
1028 3889 1226 3970 provinciam
1259 3890 1399 3957 Galliam

248 4005 346 4084 guam
369 4008 442 4055 cum
466 3992 607 4058 Antonio
637 3992 849 4076 commutavi,
885 3992 970 4075 quod
992 3993 1040 4058 ita
1066 3991 1290 4060 existimabam
1317 4000 1397 4062 tem·

248 4109 331 4173 pora
379 4092 427 4157 rei
470 4091 618 4175 publicae
660 4093 764 4176 ferre,
807 4095 841 4160 in
887 4095 1036 4162 contione
1078 4095 1234 4178 deposui“
1271 4097 1312 4182 ci.
1356 4099 1398 4165 ad

247 4166 411 4264 11111111.
438 4203 467 4281 1,
484 4203 513 4265 1.

248 4365 305 4400 ruo
334 4299 546 4400 Smertai>
568 4302 735 4372 Plutarchi
759 4301 994 4391 »κατειργάσατο
1029 4309 1067 4390 τῇ
1096 4303 1196 4391 χάριτι
1224 4305 1317 4394 ταύτῃ
1348 4305 1397 4372 τὸν

248 4367 397 4471 1111111111
421 4409 522 4496 ὥσπερ
545 4406 704 4498 ὑποκριτὴν
728 4408 875 4500 ἔμμισθον
898 4408 980 4497 αὐτῷ
999 4406 1038 4474 τὰ
1061 4408 1186 4499 δεύτερα
1205 4411 1303 4499 λέγειν
1325 4411 1399 4504 ὑπὲρ

278 4365 288 4397 3
