3292 5070
755 519 794 584 17

205 711 267 775 que
301 711 378 759 usus
412 695 462 758 est
492 691 558 775 (pg.
582 690 647 777 43).
693 691 909 784 Fenestellam
944 690 1074 774 saepius
1111 693 1348 769 commemorat,

208 799 298 880 cujus
313 815 441 864 errores
459 797 619 862 emendat.
656 795 773 888 Luccei
789 796 953 861 orationes
975 796 1009 860 in
1021 795 1196 863 Catilinam
1212 795 1352 878 scriptas

208 901 364 980 adhibuit,
389 921 445 968 eas
468 919 594 983 quoque
616 901 781 967 orationes
803 904 1029 982 perscrutatus
1059 905 1110 966 est
1133 918 1216 983 quac
1240 899 1353 966 Catili-

207 1026 268 1072 nae
303 1012 337 1072 et
368 1007 498 1072 Antonii
531 1006 657 1070 nomine
686 1002 892 1087 ferebantur,
924 1021 1028 1087 neque
1062 1021 1137 1070 vero
1169 1003 1265 1081 fidem
1305 1003 1353 1070 eis

208 1108 367 1176 attribuit.
407 1109 456 1174 Ne
480 1128 625 1175 rumores
648 1109 776 1190 quidem
799 1106 918 1186 omisit,
943 1106 1028 1187 quod
1051 1105 1233 1188 significant
1254 1106 1355 1174 verba

212 1213 294 1298 ,fuit
316 1213 455 1295 opinio“,
480 1231 562 1294 quae
584 1213 744 1278 interdum
767 1209 861 1276 nohis
884 1215 1064 1276 occurrunt.
1111 1211 1300 1278 Sallustium
1322 1216 1356 1278 et

209 1316 333 1384 Livium
362 1317 588 1399 municipalem
617 1334 708 1382 suum
741 1321 775 1381 et
804 1315 997 1381 familiarem
1028 1315 1245 1396 compluribus
1275 1316 1354 1383 locis

208 1421 368 1501 nominat;
403 1420 517 1503 ecquid
550 1419 590 1484 de
620 1419 841 1502 conjuratione
872 1418 938 1484 illis
971 1416 1090 1484 debeat
1113 1418 1288 1485 videamus.
1311 1457 1355 1466 -

295 1526 344 1590 De
373 1517 482 1608 priore
512 1525 733 1606 conjuratione
763 1524 883 1604 optime
916 1522 1057 1604 quadrat
1097 1541 1169 1589 cum
1200 1523 1354 1589 Sallustio

209 1626 249 1694 cf.
285 1633 358 1695 Asc.
388 1649 442 1715 pg.
467 1635 518 1695 66.
542 1635 594 1694 74.
618 1633 669 1694 82.
691 1634 732 1693 63
765 1634 799 1692 et
828 1627 960 1694 Sallust.
986 1627 1056 1693 Cat.
1087 1627 1354 1711 XVII,7-XIX.

211 1733 424 1800 Consentiunt
457 1733 498 1799 de
527 1733 658 1816 repulsa
682 1731 860 1811 Catilinae,
894 1732 934 1796 de
965 1732 1092 1798 Pisonis
1115 1731 1279 1814 moribus,
1316 1732 1355 1798 de

212 1837 306 1922 signo
329 1858 349 1903 a
373 1838 514 1904 Catilina
537 1838 612 1902 dato
635 1838 822 1919 priusquam
845 1836 953 1916 parati
986 1841 1081 1900 erant
1110 1836 1189 1903 socii
1213 1835 1357 1914 sceleris,

211 1941 251 2008 de
274 1943 401 2009 Pisonis
423 1925 598 2026 legatione,
622 1942 662 2006 de
686 1940 813 2006 Pisonis
834 1945 958 2018 morte,
994 1940 1035 2005 de
1059 1940 1240 2021 suspicione
1263 1940 1356 2005 Pom-

211 2048 285 2131 peio
308 2053 432 2130 exorta,
454 2051 590 2128 uterque
602 2046 753 2112 Crassum
776 2045 930 2126 nominat,
953 2043 994 2110 dc
1009 2043 1150 2111 Caesare
1174 2050 1271 2110 tacet.
1308 2044 1358 2109 Ne

213 2151 325 2217 Cicero
348 2152 475 2232 quidem
509 2151 542 2215 iu
566 2149 764 2231 expositione
788 2149 994 2214 consiliorum
1017 2147 1158 2213 dilucide
1182 2150 1356 2214 Caesarem

212 2257 358 2338 arguisse
388 2254 517 2320 videtur
541 2255 626 2337 (Asc.
652 2255 727 2337 74),
760 2254 824 2318 etsi
846 2253 1040 2318 Plutarchus
1071 2251 1187 2319 scribit
1215 2253 1248 2318 in
1270 2253 1357 2318 vitae

214 2357 323 2424 Crassi
347 2377 416 2439 cap.
439 2357 537 2422 XIII:
572 2357 674 2441 „dpcor
714 2359 739 2419 δ’
770 2353 946 2440 bltcas'posn
981 2353 1012 2420 ἔν
1041 2379 1097 2419 τινι
1126 2357 1208 2442 λόγῳ
1231 2353 1358 2441 φανερὸς

144 2463 148 2476 ’
213 2462 250 2546 ἦν
273 2458 407 2547 Κράσσῳ
439 2460 489 2525 καὶ
520 2458 651 2547 Καίσαρι
681 2460 734 2546 τὴν
764 2460 859 2526 αἰτίαν
882 2462 1147 2548 προστριβόμενος,
1178 2455 1242 2526 ἀλλ’
1274 2459 1358 2534 οὗτος

217 2565 268 2651 μὲν
292 2567 379 2650 λόγος
402 2566 528 2651 ἐξεδόθη
554 2565 628 2651 μετὰ
650 2565 703 2651 τὴν
727 2568 838 2651 ἀμφοῖν
862 2565 1032 2650 τελευτήν.“
1071 2567 1163 2649 Apud
1187 2568 1360 2634 Asconium

214 2671 328 2737 Cicero
352 2670 524 2736 Caesarem
548 2677 581 2736 et
604 2670 756 2736 Crassum
780 2658 945 2737 Ciceronis
968 2670 1193 2756 refragatores
1218 2671 1252 2736 iu
1274 2673 1357 2754 peti-

214 2777 302 2841 tione
325 2777 509 2841 consulatus
532 2775 633 2842 fuisse
665 2775 876 2862 ,significat“,
907 2795 978 2842 cum
1007 2776 1148 2842 Catilina
1179 2782 1212 2842 et
1243 2777 1358 2843 Pisone

215 2883 419 2965 conspirasse
443 2883 507 2968 ,M.
532 2883 685 2949 Crassum
709 2883 844 2966 arguit.“

302 2985 365 3053 Sed
387 2988 539 3053 nonnulla
561 2987 687 3071 profert
699 2989 854 3054 Asconius
878 3006 960 3071 quac
984 2969 1069 3070 apud
1084 2986 1272 3054 Sallustium
1296 3008 1359 3054 non

215 3091 436 3172 inveniuntur,
468 3091 508 3157 de
531 3092 674 3158 Volcacii
697 3093 830 3158 consilio
852 3091 1000 3174 publico,
1030 3092 1071 3157 de
1095 3092 1192 3159 Cotta
1224 3099 1257 3160 et
1280 3093 1359 3158 Tor-

218 3201 316 3277 quato
339 3197 447 3263 Sullae
476 3201 509 3262 ct
542 3195 677 3262 Autroni
700 3195 952 3263 accusatoribus.
999 3197 1060 3262 Dio
1084 3196 1216 3264 Cassius
1241 3203 1292 3277 36,
1307 3203 1359 3262 44.

218 3299 349 3366 Cottam
378 3307 412 3366 et
443 3301 640 3383 Torquatum
671 3307 878 3367 accusatores
911 3302 1072 3385 nominat,
1103 3321 1196 3384 quem
1230 3303 1361 3369 clivio

219 3404 367 3470 hausisse
390 3403 475 3472 infra
498 3403 803 3488 demonstrabimus,
834 3405 893 3470 sed
916 3405 1044 3490 pergit,
1074 3407 1259 3488 conjuratos
1281 3408 1361 3473 nihil

220 3506 407 3588 perfecisse,
439 3507 514 3587 quia
537 3507 735 3588 praesidium
757 3507 941 3576 consulibus
964 3508 1112 3575 dabatur.
1159 3509 1241 3587 Quin
1264 3512 1363 3577 etiam

222 3608 363 3675 futurum
381 3608 491 3687 fuisse,
514 3617 552 3676 ut
567 3611 599 3676 S.
617 3612 651 3677 C.
676 3617 789 3677 contra
809 3630 865 3679 eos
879 3611 982 3692 fieret,
1004 3614 1066 3680 uisi
1090 3612 1236 3680 tribunus
1258 3612 1363 3697 plebis

217 3715 478 3797 intercessisset,
512 3717 552 3783 dc
588 3718 729 3785 Caesare
764 3719 826 3785 Dio
866 3737 992 3802 quoque
1023 3725 1129 3803 tacet,
1161 3722 1214 3802 qui
1249 3729 1363 3804 postea

222 3818 376 3886 Crassum
398 3822 552 3888 nominat.
578 3822 717 3900 -Quid
739 3823 839 3904 igitur
857 3823 1064 3905 judicemus?
1096 3825 1268 3892 Asconium
1292 3846 1363 3893 cum

219 3921 372 3990 Sallustio
395 3926 635 3993 necessitudine
658 3928 797 4009 quadam
820 3928 1005 4011 cohaerere,
1029 3927 1144 4012 negari
1166 3929 1220 3993 vix
1241 3935 1364 4015 potest,

220 4033 328 4094 utrum
359 4047 435 4095 vero
466 4036 597 4112 praeter
625 4030 812 4097 Sallustium
844 4031 942 4098 alium
974 4033 1184 4114 scriptorem,
1218 4033 1360 4101 fortasse

221 4130 358 4215 Livium,
383 4135 596 4217 excerpserit,
619 4155 659 4201 an
684 4155 702 4201 e
725 4135 858 4203 Sallusti
882 4136 970 4202 fonte
994 4137 1151 4219 hauserit,
1176 4140 1226 4206 cui
1249 4159 1363 4206 nomen

224 4237 304 4302 dane
328 4256 593 4320 nonpossumus,
616 4241 648 4306 in
672 4239 769 4307 dubio
792 4241 993 4322 relinquitur.
1023 4277 1055 4291 ·-
