3292 5070
798 410 841 471 44

252 593 270 639 e
283 575 425 645 Diodoro
435 579 492 645 -uel
506 579 575 660 ejus
587 577 676 644 fonte
688 577 859 644 materiam
873 577 1073 658 congessisse
1089 577 1150 642 Dio
1163 576 1291 641 dicitnr.
1328 575 1396 640 Hoc

252 679 349 745 modo
373 682 478 748 fontes
500 683 715 764 investigandi
746 685 789 748 nil
814 683 965 764 consequi
989 700 1047 746 nos
1079 700 1175 762 posse
1204 680 1300 745 facile
1324 698 1396 743 con·

252 783 358 862 cedes,
381 786 439 850 sed
463 787 522 850 viri
546 787 632 852 docti
656 788 798 868 exceptis
822 789 934 867 paucis
957 785 1105 851 similiter
1125 785 1273 865 judicant
1288 783 1323 863 ¹).

252 953 255 960 ,
340 888 446 954 Unum
467 889 588 954 iontem
605 910 624 955 a
641 891 743 956 Dione
760 895 945 970 excerptum
969 875 1041 955 esse
1058 889 1239 954 Thonretus
1255 907 1308 971 pg.
1324 892 1396 968 318,

255 989 495 1074 Grasnofiush,
530 994 724 1059 Bureschius
754 994 960 1059 contendunt.
1014 993 1078 1058 Sed
1109 991 1192 1057 falso
1215 992 1396 1056 Thourctus

253 1091 416 1158 Ciceronis
439 1096 651 1177 hypomncma
674 1098 792 1163 iontem
818 1098 917 1162 fuisse
937 1097 1110 1162 existimat.
1160 1093 1349 1161 Grashofins
1365 1100 1398 1159 et

254 1198 448 1264 Bnreschius
461 1201 584 1267 Livium
603 1203 767 1267 nominant
787 1221 888 1284 neque
913 1220 987 1266 vero
1011 1199 1299 1281 comprobaverunt
1313 1200 1396 1264 hanc

254 1303 458 1385 sententiam,
482 1324 579 1386 quam
605 1306 806 1387 comprobari
830 1323 924 1386 posse
941 1305 1123 1370 Thonretns
1147 1309 1256 1387 negat.
1288 1304 1396 1368 Meum

255 1409 305 1469 est
327 1405 470 1472 refutata
486 1409 642 1475 Thourcti
660 1411 821 1475 sententia
844 1409 1001 1491 perficere
1018 1409 1103 1490 quod
1126 1408 1248 1473 frustra
1264 1414 1398 1473 conatus

256 1515 307 1574 est
330 1510 540 1596 Grashofius,
563 1521 677 1596 postea
701 1533 736 1580 se
760 1515 1054 1580 demonstraturum
1078 1531 1149 1578 csse
1172 1513 1320 1593 promisit
1335 1513 1398 1577 Bu·

256 1615 411 1680 reschins.
458 1619 562 1698 Atque
585 1620 721 1699 primum
745 1619 883 1701 quidem,
907 1619 1091 1699 priusquam
1116 1637 1154 1682 ea
1177 1635 1258 1697 quae
1275 1617 1336 1681 Dio
1359 1617 1398 1681 de

254 1715 533 1800 'conjurationibus
576 1722 668 1789 nobis
710 1724 812 1788 tradit
851 1723 1049 1807 adgrediar,
1091 1723 1196 1787 locum
1240 1721 1398 1801 quendam

258 1830 451 1906 antecapere
474 1846 524 1892 me
540 1834 679 1908 oportet,
703 1847 765 1909 quo
783 1827 892 1892 adlato
909 1825 1125 1910 Thonretust)
1148 1830 1296 1891 constare
1313 1824 1398 1890 affir-

258 1933 343 2012 mat,
378 1925 473 1995 Dioni
487 1919 660 1999 'Ciceronis
691 1933 953 1998 commentarium
986 1929 1071 2017 ,napi
1105 1930 1264 2002 tantalo&
1288 1937 1398 1996 notum

256 2023 366 2099 inisse.
390 2073 432 2083 -

345 2139 380 2203 In
405 2141 509 2220 capite
534 2145 571 2205 21
598 2140 671 2206 libri
696 2147 748 2223 46,
781 2142 843 2206 Dio
866 2139 989 2206 Fufium
1013 2141 1165 2206 Calenum
1188 2144 1222 2204 et
1245 2139 1309 2204 alia
1331 2158 1398 2204 ma·

258 2241 379 2308 ledicta
401 2244 432 2307 in
458 2245 643 2310 Ciceronem
669 2246 888 2311 conferentem
912 2247 990 2311 iacit
1015 2252 1047 2311 et
1070 2246 1207 2310 haecce:

347 2348 550 2432 2,προθέμενος
579 2347 636 2436 γὰρ
663 2349 758 2414 πάντα
781 2348 818 2413 τὰ
848 2352 885 2434 τῇ
905 2350 990 2413 πόλει
1015 2349 1208 2434 πεπραγμένα
1232 2347 1399 2432 συγγράψαι

259 2448 323 2532 [καὶ
352 2449 408 2537 γὰρ
438 2452 580 2538 σοφιστὴς
612 2452 660 2518 καὶ
692 2454 816 2540 ποιητὴς
846 2453 897 2518 καὶ
931 2456 1096 2540 φιλόσοφος
1131 2452 1183 2518 καὶ
1214 2455 1312 2538 ῥήτωρ
1350 2449 1399 2515 καὶ

260 2555 447 2641 συγγραφεὺς
477 2555 552 2621 εἶναι
581 2557 751 2642 πλάττεται]
784 2552 874 2622 ἔπειτ’
905 2557 959 2622 οὐκ
989 2556 1046 2621 ἀπὸ
1070 2564 1123 2641 τῆς
1151 2557 1281 2638 κτίσεωςΙ
1299 2555 1399 2638 αὐτῆς,

260 2659 360 2745 ὥσπερ
390 2661 418 2723 ol
450 2659 535 2726 ἄλλοι
565 2664 593 2726 ol
613 2667 700 2728 τοῦτο
722 2668 891 2744 ποιοῦντες,
928 2665 992 2726 ἀλλ’
1022 2661 1080 2727 ἀπὸ
1103 2669 1168 2746 τῆς.
1186 2660 1326 2731 ὑπατείας
1348 2666 1400 2743 τῆς

259 2763 367 2828 ἑαυτοῦ
389 2765 507 2851 ἤρξατο,
533 2768 557 2832 tn
574 2767 718 2833 ἀνάπαλιν
735 2773 902 2854 προχωρῶν
919 2766 1014 2853 ἀρχὴν
1040 2765 1091 2851 μὲν
1108 2771 1159 2829 τοῦ
1176 2766 1266 2848 λόγου
1286 2762 1400 2848 ἐκείνην

259 2868 397 2954 τελευτὴν
422 2873 455 2934 δε
477 2871 530 2956 τὴν
553 2877 605 2936 τοῦ
620 2867 784 2956 Ῥωμύλου
809 2872 960 2958 βασιλείαν
982 2872 1175 2956 responsant

348 2975 432 3041 Num
455 2977 534 3042 haec
558 2977 658 3043 verba
680 2978 836 3042 Thonreti
860 2979 1054 3042 sententiam
1078 2973 1288 3040 confirmant?
1307 2971 1403 3037 Nullo

263 3079 366 3158 modo,
396 3100 469 3146 nam
492 3083 521 3148 si
543 3083 614 3165 quis
636 3089 738 3148 totam
762 3083 845 3148 hanc
868 3082 1048 3147 orationem
1071 3079 1256 3145 accuratius
1278 3077 1403 3158 legerit,

262 3185 418 3249 concedet
440 3204 511 3250 eam
534 3192 590 3251 ant
622 3186 664 3251 ad
689 3186 852 3252 Ciceronis
877 3187 1073 3266 Philippicas
1097 3183 1218 3248 autad
1242 3182 1403 3246 declama·

263 3288 368 3353 tiones
409 3289 483 3355 illas
517 3288 633 3370 quibus
672 3290 791 3354 inimici
826 3290 973 3355 Ciceroni
1003 3285 1231 3353 obtrectabant
1261 3285 1404 3350 referen-

264 3392 338 3456 dam
351 3410 438 3473 essc3
464 3412 545 3475 quac
560 3394 671 3460 Cicero
681 3394 721 3460 de
730 3396 898 3461 consulatu
909 3413 965 3460 suo
974 3394 1131 3475 gloriatus
1140 3397 1190 3456 est
1200 3407 1404 3471 carperenon

337 3567 362 3636 1)
382 3569 535 3623 Linkarus:
563 3570 621 3624 Sita
655 3571 717 3625 Ber.
745 3571 795 3624 der
821 3569 854 3622 K.
882 3570 916 3623 K.
941 3568 1034 3622 Alcad.
1063 3567 1112 3622 dor
1142 3565 1185 3620 W.
1223 3563 1307 3619 Wien
1328 3563 1405 3616 1854.

263 3651 419 3724 Eiet-phil.
439 3657 531 3712 Classe
551 3677 597 3730 pg.
616 3660 670 3715 268

335 3744 518 3800 Plutarchum
537 3749 566 3802 et
586 3748 703 3802 Dionem
723 3747 859 3818 imprimis
879 3765 894 3801 e
913 3746 1065 3801 Sallustio!
1085 3742 1210 3798 hausisse
1229 3740 1370 3810 opinatur.

335 3832 570 3890 Wiedemannus:
597 3837 734 3904 Philolog.
753 3836 839 3890 XXII.
859 3853 905 3905 pg.
925 3834 993 3900 498,
1020 3831 1195 3896 Sallustium,
1214 3828 1406 3891 Plutarchum,

267 3919 427 3990 Appianum

337 4010 570 4083 Sohliephaclrius
589 4034 635 4085 pg.
654 4017 688 4069 32
708 4015 827 4078 Livium,
848 4012 1021 4078 Sallustium,
1042 4010 1203 4080 Appianum

339 4103 469 4157 Basserus
487 4120 532 4172 pg.
551 4105 586 4158 48
604 4103 777 4166 Ciceronem,
801 4099 978 4163 Sallustium,
1006 4100 1115 4152 Livium
1135 4097 1226 4150 fontes
1243 4090 1403 4147 nominant.

339 4193 365 4262 2)
386 4191 514 4245 Crashoi:
544 4192 578 4248 de
597 4191 720 4246 fontibus
742 4193 772 4246 et
791 4190 945 4245 autoritate
966 4188 1062 4242 Dionis
1081 4185 1178 4242 Cassii.
1218 4183 1282 4236 diss.
1302 4182 1399 4249 inaug.

267 4283 346 4337 Bonn
368 4283 444 4336 1867.

339 4371 432 4440 3)ααί
457 4370 624 4425 adsentitur.
661 4370 696 4424 da
716 4369 807 4424 Stern.
846 4367 969 4423 Catilina
995 4365 1054 4420 und
1080 4362 1126 4418 die
1146 4357 1357 4428 Parteikdmpfa
1379 4356 1409 4410 in

268 4463 338 4517 liom
357 4460 472 4515 66-63.
509 4459 574 4514 diss.
593 4458 689 4529 inaug.
728 4459 834 4528 Dorpat
857 4457 932 4511 1883.
