3292 5070
841 423 896 484 cst

288 588 379 659 ribus
412 590 565 656 auxilium
593 590 747 671 petivisse
757 589 782 674 ¹)
816 591 905 656 credi
937 611 1000 657 non
1029 599 1146 674 potest.
1192 595 1265 662 Mea
1297 596 1428 678 quidem

287 696 449 762 sententia
469 695 681 778 Plutarchus,
709 713 780 760 cum
812 696 948 777 primum
972 697 1123 764 Caesaris
1154 701 1347 766 mentionem
1378 702 1427 766 f-

289 808 388 881 teret,
412 801 453 866 de
476 801 544 866 eius
567 800 704 881 ingenio,
729 801 889 880 consiliis,
922 802 1058 884 inceptis
1082 804 1251 871 nonullae
1274 808 1429 873 memoria

287 904 431 986 addidit,
464 923 547 985 quae
570 904 677 968 nescio
699 902 754 969 ubi
777 904 948 989 legeram).
994 906 1104 972 Verba
1126 909 1226 987 enim,
1258 913 1329 992 ,sod
1354 907 1428 993 μετὰ

286 1013 380 1074 ταῦτα
403 1007 573 1094 δικτάτορος
595 1008 754 1093 γενομένου
779 1047 818 1056 -
841 1006 997 1096 ἢΚαῖσαρ
1019 1011 1140 1082 ἐκείνοις
1154 1010 1326 1084 achaicae&
1352 1033 1427 1079 coh-

288 1115 460 1181 tinuationi
491 1115 648 1180 sermonis
680 1115 937 1196 interponuntur.
983 1116 1099 1182 Verbis
1142 1114 1227 1201 ,dael
1261 1119 1288 1180 δ’
1322 1117 1372 1181 οὖν
1406 1122 1425 1204 ἡ

287 1220 392 1305 γνώμη
410 1220 569 1304 περιῆλθεν
584 1219 625 1290 εἰς
637 1216 744 1282 ortaba‘t
759 1220 800 1284 ad
814 1221 1026 1302 hypomnema
1038 1221 1230 1287 Plutarchus
1242 1223 1426 1290 revertitur.

316 1341 319 1346 ·
373 1324 524 1390 Caesaris
556 1326 749 1390 sententiam
782 1344 853 1390 cum
886 1325 933 1390 Ti.
958 1324 1096 1390 Neronis
1127 1325 1319 1392 Plutarchus
1351 1346 1426 1393 con-

287 1425 407 1510 fundit,
443 1429 497 1502 (cl.
521 1429 605 1494 Plnt.
636 1430 692 1494 vit.
717 1429 850 1494 Catonis
873 1429 974 1493 XXII.
1011 1430 1103 1495 Caes.
1128 1429 1203 1513 VII)
1233 1431 1273 1495 de
1297 1431 1426 1497 Nerone

286 1537 377 1599 tacet
400 1534 495 1600 sicuti
521 1534 633 1599 Cicero
657 1534 710 1615 qui
735 1553 774 1600 ne
799 1553 836 1600 eo
860 1535 989 1616 quidem
1012 1535 1093 1614 loco,
1127 1554 1188 1617 quo
1212 1538 1349 1602 omnium
1372 1538 1426 1620 qui

286 1639 465 1704 sententias
478 1639 625 1704 dixerant
637 1639 764 1704 nomina
777 1643 952 1722 enumerat,
975 1639 1113 1704 Neronis
1127 1641 1322 1707 mentionem
1337 1641 1425 1706 facit.

286 1740 326 1808 ci.
361 1742 400 1808 ad
433 1743 530 1808 Attic.
562 1743 742 1826 XH.2l,l.
801 1743 878 1808 Sall.
912 1743 1007 1809 Catil.
1043 1749 1094 1825 50,
1108 1749 1137 1808 4.
1191 1745 1357 1809 Drumann
1386 1744 1424 1828 V,

285 1850 357 1929 525,
379 1847 418 1912 N.
443 1852 494 1912 42.
525 1884 557 1896 -

371 1952 535 2019 Ciceronis
570 1953 748 2019 orationem
780 1952 866 2017 haud
909 1953 1000 2033 parvi
1035 1954 1189 2018 momenti
1224 1952 1324 2018 luisse
1361 1971 1424 2018 non

282 2061 372 2120 recte
395 2057 497 2122 tradit
519 2058 730 2138 Plutarchus,
762 2056 819 2120 sed
850 2057 909 2120 hoc
941 2056 1046 2137 ipsum
1071 2057 1257 2122 Ciceronem
1285 2056 1422 2133 redolet,

285 2158 341 2239 qui
363 2178 462 2243 aegre
485 2160 570 2242 tulit,
601 2160 685 2240 quod
710 2161 828 2225 Brutus
854 2161 986 2225 Catonis
1010 2161 1148 2226 orationi
1171 2161 1243 2242 plus
1266 2159 1424 2226 tribueret

286 2280 380 2344 quam
396 2263 569 2330 Ciceronis
603 2263 709 2330 Verba
728 2264 936 2351 ᾗἐνεχείρησεν
953 2265 994 2336 εἰς
1006 2263 1164 2350 ἑκάτερον”
1182 2266 1242 2327 κτλ.
1277 2272 1424 2330 autorem

285 2365 486 2450 significant,
520 2368 609 2449 cujus
631 2369 790 2433 intererat
811 2388 878 2433 rem
902 2369 949 2434 ita
972 2389 1148 2451 exponere,
1181 2375 1217 2434 ut
1240 2370 1425 2435 Ciceronem

283 2470 404 2535 invidia
427 2469 593 2538 liberarat.
629 2472 698 2538 Nec
720 2473 812 2554 parvi
826 2475 977 2539 momenti
994 2481 1044 2539 est
1059 2472 1142 2555 quod
1162 2473 1296 2555 legimus
1312 2493 1423 2539 omnes

284 2573 448 2642 Ciceronis
471 2576 591 2641 amicos
607 2576 757 2643 Caesaris
780 2578 974 2643 sententiam
994 2576 1159 2660 probasse,
1184 2579 1259 2660 quia
1275 2577 1422 2644 Ciceroni

283 2695 354 2743 eam
376 2679 506 2760 placere
529 2679 716 2746 credebant.
744 2719 779 2730 -

371 2782 498 2865 Operae
531 2785 670 2867 pretium
699 2791 750 2850 est
779 2786 909 2865 videre,
951 2785 1108 2868 quomodo
1137 2784 1330 2851 Plutarchus
1361 2786 1420 2851 hoc
1532 2859 1537 2880 2
1629 2776 1633 2798 '

281 2893 411 2969 patrum
434 2889 602 2954 concilium
625 2895 764 2970 exponat
785 2891 817 2953 in
842 2891 927 2955 vitae
950 2889 1093 2964 Catonis,
1124 2908 1220 2970 quam
1242 2909 1357 2970 magna
1381 2908 1419 2954 ex

282 2999 376 3073 parte
392 2992 558 3058 Thraseae
573 2993 674 3059 Paeto
690 2991 789 3058 debet
803 2993 855 3076 (cl.
873 3013 942 3076 cap.
959 2998 999 3059 25
1015 3000 1049 3059 et
1065 2992 1118 3078 37)
1143 2994 1249 3075 capite
1264 2993 1365 3058 XXII.
1378 3029 1420 3042 -

314 3179 318 3186 ι
369 3099 523 3179 Legimus
546 3099 641 3164 sicuti
663 3099 746 3180 apud
765 3099 961 3182 Sallustium,
985 3099 1093 3164 Silano
1109 3099 1164 3180 qui
1186 3098 1226 3164 de
1247 3100 1421 3180 conjuratis

283 3204 475 3285 supplicium
505 3203 695 3269 sumundum
726 3203 914 3268 decreverat
945 3202 1117 3268 Caesarem
1147 3221 1181 3268 se
1222 3204 1420 3284 opposuisse,

284 3310 335 3375 cui
365 3327 434 3374 cum
466 3309 566 3373 ceteri
597 3307 851 3389 assentirentur,
892 3306 1046 3372 Catonem
1079 3307 1224 3372 oratione
1257 3306 1420 3371 luculenta

282 3411 437 3490 effecisse,
460 3417 497 3477 ut
519 3411 633 3477 nefarii
649 3410 695 3475 illi
713 3411 828 3491 capitis
849 3411 1087 3476 damnarentur.
1122 3410 1285 3477 Ciceronis
1301 3411 1420 3474 mentio

281 3537 344 3583 non
366 3516 421 3600 fit,
456 3534 559 3598 neque
590 3515 764 3580 verisimile
799 3521 851 3580 est
885 3515 954 3596 ejus
981 3515 1081 3580 verba
1111 3519 1238 3580 tantum
1268 3515 1419 3598 valuisse,

282 3628 435 3705 quantum
457 3621 615 3703 gloriatus
638 3625 698 3684 est.

370 3725 502 3792 Cassius
526 3724 586 3788 Dio
619 3741 744 3805 quoque
777 3741 848 3788 cum
871 3722 1024 3787 Sallustio
1048 3719 1187 3803 quadrat
1210 3720 1264 3804 (cl.
1288 3727 1339 3802 37,
1354 3722 1419 3807 36).

284 3866 321 3876 -
346 3829 396 3893 Ea
419 3847 501 3910 quae
524 3832 667 3892 extremo
690 3827 749 3891 hoc
767 3826 873 3907 capite
896 3826 980 3907 apud
1002 3843 1099 3890 unum
1115 3825 1324 3891 Plutarchum
1346 3846 1419 3892 nar·

356 4019 383 4087 1)
402 4017 518 4087 Legum,
537 4034 584 4086 pg.
602 4017 660 4082 100,
679 4015 765 4070 verba
779 4016 842 4072 τινὲς
855 4015 961 4087 dipsas·
971 4018 1179 4084 permoverunt,
1193 4019 1226 4070 ut
1237 4015 1419 4070 Plutarchum

282 4124 297 4165 s
327 4107 518 4178 compluribus
546 4105 671 4160 lontibus
698 4105 822 4160 hausisse
851 4105 1034 4159 existimaret.
1071 4105 1145 4160 Daui
1169 4124 1217 4175 pg.
1237 4106 1287 4160 861
1308 4104 1419 4160 Livium

279 4197 416 4254 nominati
454 4195 620 4250 Bureschius
638 4194 818 4248 Plutarchum
840 4193 869 4247 in
895 4193 962 4248 vitis
981 4194 1085 4261 Crassi,
1113 4193 1253 4261 Caesaris,
1278 4193 1420 4248 Ciceronis

280 4304 314 4343 ax
333 4289 431 4345 eodem
449 4284 527 4340 fonte
546 4283 670 4339 hausisse
689 4285 781 4352 putat.

265 4395 267 4398 ·
352 4380 381 4448 2)
399 4376 435 4432 cf.
453 4392 526 4446 quae
545 4375 667 4445 perhanc
686 4373 844 4428 'Phouretns
862 4375 914 4428 314
939 4373 974 4428 da
992 4373 1137 4449 Plutarchi
1156 4390 1260 4444 genere
1278 4373 1420 4429 scribendi

277 4467 380 4526 adfert.
