3292 5070
777 439 816 503 31

233 617 267 681 et
288 629 347 696 pro
370 609 460 678 Sulla
476 613 528 676 70.
553 605 671 695 ,elatos
687 603 805 677 κεναῖς“
830 641 871 654 -
896 606 1016 690 ,stulte
1032 605 1213 688 sperasse“,
1238 607 1370 694 ,pecto-

234 716 351 802 μάντεις
381 713 431 779 καὶ
462 714 568 799 γόητες
602 711 660 798 ἔπη
690 708 885 794 πεπλασμένα
915 705 1054 794 eborae&
1086 748 1127 758 —
1165 730 1371 798 „perversam
1399 769 1402 774 .

233 827 332 903 atque
369 820 500 902 impiam
528 815 735 899 religionem“
779 814 878 881 verba
915 812 978 898 „pl
1012 815 1197 902 διαφθείρειν
1227 816 1372 901 μέλλοντα

165 985 168 992 Δ
232 923 300 995 τοὺς
335 921 453 1008 καιροὺς
486 923 587 1007 ὥσπερ
620 916 800 990 Kasalos&
835 937 938 984 none
970 919 1136 987 Plutarchi
1173 922 1230 988 sed
1262 928 1385 988 vatum·

232 1030 360 1095 illorum
373 1028 640 1095 sententiadicta
656 1030 740 1107 sunt,
755 1026 865 1105 itaque
882 1042 944 1089 non
960 1024 1149 1108 impugnant
1164 1026 1317 1092 Ciceroni.
1329 1061 1370 1073 -

319 1135 355 1200 In
379 1131 587 1215 subsequenti
610 1147 735 1213 quoque
759 1130 865 1210 capite
893 1129 1044 1194 nonnulla
1067 1131 1155 1195 solus
1178 1131 1372 1198 Plutarchus

233 1243 355 1322 narrat,
388 1238 446 1304 sed
476 1237 555 1302 levis
586 1240 661 1301 sunt
692 1233 845 1315 ponderis
877 1251 936 1298 neo
959 1251 1022 1298 non
1045 1233 1087 1298 ad
1112 1235 1296 1301 Ciceronem
1319 1255 1371 1303 re-

233 1343 311 1409 terri
328 1348 473 1424 possunt,
497 1359 569 1407 cum
585 1346 694 1406 cetera
711 1338 752 1404 ad
772 1357 844 1404 eum
860 1343 1017 1420 spectent.
1052 1340 1100 1404 De
1115 1340 1247 1422 Pompei
1261 1339 1373 1408 liberis

234 1465 332 1528 supra
355 1445 503 1528 diximus,
527 1444 568 1510 de
592 1443 834 1525 conjuratorum
857 1443 1000 1509 consiliis
1024 1443 1063 1508 cl.
1085 1444 1119 1508 in
1142 1444 1237 1510 Catil.
1260 1446 1318 1510 111.
1342 1451 1371 1513 8.

234 1550 273 1618 cf.
297 1570 422 1632 quoque
445 1552 478 1616 in
498 1549 594 1615 Catil.
612 1549 667 1614 IV.
681 1553 719 1614 13
743 1547 915 1632 „attribuit
929 1566 986 1614 nos
1005 1547 1215 1616 trucidandos
1227 1550 1372 1635 Cethego

234 1660 267 1722 et
291 1661 416 1722 ceteros
442 1655 527 1721 cives
557 1651 797 1719 interficiendos
822 1652 992 1717 Gabinio“.
1038 1653 1177 1719 Caedem
1205 1661 1303 1736 atque
1325 1656 1372 1720 in·

233 1761 378 1828 cendium
413 1763 445 1825 in
479 1759 663 1826 Saturnalia
693 1759 795 1824 dilata
826 1776 898 1823 esse
926 1758 1038 1824 Cicero
1070 1765 1220 1826 testatur.
1266 1759 1306 1828 ci.
1338 1760 1372 1826 in

235 1866 329 1933 Catil.
353 1865 410 1931 ΠΙ.
431 1870 548 1945 10,17‚
578 1881 668 1930 arma
698 1863 731 1927 in
755 1861 893 1947 Cethegi
917 1862 1044 1929 domum
1068 1869 1268 1946 comportata
1290 1880 1380 1948 esse,

234 1970 275 2038 cl.
298 1973 331 2036 in
354 1971 449 2036 Catil.
473 1969 531 2036 III.
555 1973 586 2048 8,
608 1973 656 2033 10.
702 1967 893 2032 Plutarchus
917 1966 958 2032 de
979 1967 1127 2034 incendio
1149 1967 1282 2036 uberius
1304 1973 1373 2054 agit

234 2094 305 2143 cum
328 2074 482 2142 Sallustio
512 2093 575 2139 non
607 2072 820 2150 consentiens,
849 2071 877 2137 is
908 2073 993 2137 enim
1022 2073 1076 2154 qui
1105 2073 1170 2139 alio
1196 2076 1291 2141 modo
1314 2076 1373 2143 has

234 2202 288 2250 res
310 2183 460 2266 explicat,
491 2201 553 2248 non
575 2181 608 2245 in
632 2185 761 2246 centum
783 2180 842 2246 sed
864 2179 896 2244 in
921 2178 1088 2246 duodecim
1117 2188 1229 2263 partes
1259 2183 1373 2249 urbem

234 2292 275 2360 ad
291 2292 474 2359 incendium
490 2288 700 2356 distributam
716 2307 788 2376 esse
805 2289 979 2354 contendit
1023 2287 1233 2374 Allobrogum
1248 2291 1374 2372 legatos

235 2400 315 2466 duos
349 2398 449 2464 tuisse
482 2396 566 2478 apud
601 2415 699 2462 unum
731 2393 938 2461 Plutarchum
976 2394 1162 2461 invenimus.
1221 2396 1374 2465 Extremo
1481 2463 1484 2470 ,

233 2506 340 2586 capite
362 2502 532 2588 vigilantia
555 2507 588 2567 et
609 2499 770 2566 industria
794 2499 959 2565 Ciceronis
989 2499 1138 2564 laudibus
1169 2503 1373 2590 extolluntur,
1479 2569 1482 2576 .

234 2609 341 2674 nimiis
363 2613 399 2673 ut
422 2605 550 2672 videtur
572 2605 732 2671 nonnullis
743 2602 779 2688 1),
804 2604 861 2669 sed
883 2603 944 2668 hoc
966 2604 1071 2684 ipsum
1094 2604 1261 2673 confirmat
1285 2611 1374 2678 Cice-

232 2732 345 2780 ronem
377 2707 562 2794 excerptum
593 2730 674 2777 esse.
720 2710 760 2777 cf.
796 2710 835 2776 de
868 2711 931 2795 leg.
961 2729 1028 2792 agr.
1061 2710 1102 2776 ΙΙ.
1130 2717 1190 2778 103
1223 2721 1279 2798 ,ut
1306 2717 1375 2798 jam

233 2817 365 2885 tandem
386 2817 444 2900 illi,
468 2817 522 2898 qui
544 2817 659 2883 honori
681 2815 865 2882 inviderunt
887 2833 959 2880 meo
981 2820 1090 2879 tamen
1122 2835 1178 2882 vos
1207 2821 1376 2887 universos

233 2923 266 2988 in
290 2924 418 2989 consule
441 2921 611 3002 deligendo
633 2921 805 3003 plurimum
827 2920 946 2986 vidisse
970 2918 1167 2986 fateantur.“

320 3026 535 3093 Procedamus
559 3027 601 3092 ad
623 3032 721 3107 caput
734 3025 819 3092 XIX.
865 3024 914 3089 De
931 3023 1032 3090 Silani
1049 3028 1082 3091 et
1097 3025 1223 3092 Pisonis
1247 3027 1376 3096 indiciis

234 3131 274 3197 de
296 3131 432 3197 Lentulo
466 3135 590 3198 vestem
620 3136 766 3196 mutante
796 3128 881 3211 apud
906 3129 1091 3195 Ciceronem
1124 3135 1157 3195 et
1187 3132 1376 3201 Sallustium

234 3235 314 3300 nihil
341 3235 488 3318 legimus,
518 3234 577 3299 sed
609 3234 690 3301 haec
722 3234 807 3300 levia
839 3238 923 3300 sunt.
976 3233 1014 3299 C.
1039 3234 1172 3316 Sulpicii
1202 3237 1375 3305 Sallustius

234 3337 428 3404 mentionem
469 3357 530 3402 non
565 3337 662 3419 facit,
703 3339 817 3405 Cicero
860 3338 976 3406 iisdem
1006 3337 1086 3412 ¹lere
1120 3339 1227 3408 verbis
1260 3343 1376 3426 quibus

235 3442 428 3510 Plutarchus
449 3443 561 3509 utitur.
608 3443 647 3509 cl.

369 3549 454 3614 Plut.
479 3548 543 3615 Cic.
567 3548 653 3615 XIX.
962 3550 995 3615 in
1019 3549 1113 3615 Catil.
1137 3551 1194 3618 ΙΙΙ.
1209 3557 1238 3617 8.

280 3649 388 3738 ,ratos
412 3650 445 3714 δὲ
466 3651 642 3724 Σουλπίκιος
667 3651 709 3727 εἷς
731 3657 789 3719 τῶν
862 3654 917 3740 ,Q
967 3653 1142 3736 Sulpicium
1192 3661 1378 3736 praetorem

236 3759 408 3843 στρατηγῶν
440 3755 488 3820 ἐπὶ
517 3755 571 3841 τὴν
601 3757 694 3824 οἰκίαν
716 3783 790 3845 uep-
818 3757 901 3838 misi,
934 3757 988 3840 qui
1018 3777 1057 3824 ex
1084 3757 1219 3826 aedibus
1242 3760 1377 3843 Cethegi

235 3861 323 3951 φθεὶς
354 3867 406 3928 τοῦ
436 3861 579 3948 Κεθήγου
609 3861 705 3929 πολλὰ
738 3863 790 3949 μὲν
819 3863 846 3928 si
868 3862 944 3945 quid
967 3863 1106 3929 telorum
1128 3869 1216 3930 esset
1239 3863 1378 3949 efferret,

234 3968 264 4034 ἐν
288 3968 364 4056 αὐτῇ
394 3969 466 4056 βέλη
496 3965 546 4032 καὶ
569 3970 647 4032 ὅπλα
668 3969 792 4033 πλεῖστα
820 3986 860 4033 ex
897 3964 1012 4049 quibus
1043 3968 1098 4033 ille
1130 3968 1300 4035 maximum
1335 3970 1378 4036 si·

236 4071 269 4137 δὲ
291 4073 362 4161 ξίφη
384 4073 435 4139 καὶ
459 4075 618 4162 μαχαίρας·
628 4073 742 4160 εὕρεο.“
820 4092 930 4140 aarum
954 4079 987 4139 et
1009 4074 1188 4156 gladiorum
1211 4093 1376 4141 numerum

820 4179 963 4244 extulit.“

321 4284 494 4352 Sallustius
517 4282 696 4351 orationem
717 4283 849 4350 tertiam
877 4283 910 4348 in
934 4283 1107 4350 Catilinam
1138 4282 1284 4350 habitam
1312 4302 1375 4350 non

235 4395 472 4475 commemorat,
496 4408 592 4472 quam
614 4407 749 4472 vespere
771 4388 891 4455 dictam
914 4406 986 4454 esse
1001 4388 1113 4455 Cicero
1136 4389 1205 4469 ipse
1225 4392 1376 4474 testatur,

235 4493 268 4561 in
292 4495 388 4563 Catil.
411 4495 471 4562 ΠΙ.
484 4500 536 4565 29.
561 4496 731 4583 ,quoniam
750 4495 820 4578 jam
841 4513 904 4563 nox
926 4492 1008 4563 est“.
