3292 5070
182 1327 190 1344 ⁰
294 1337 389 1413 Cave,
412 1355 452 1401 ne
475 1337 553 1402 illud
579 1338 702 1420 ,qlada’
725 1335 766 1406 εἰς
791 1331 944 1418 ’Aliquae‘
968 1334 1009 1399 ad
1025 1339 1058 1400 te
1081 1336 1244 1415 pertineat
1267 1336 1345 1402 scri-

209 1439 337 1506 bentem
354 1441 394 1505 de
411 1441 630 1522 conjuratione
643 1440 811 1521 Catilinae,
829 1439 947 1504 dixerit
959 1437 1127 1519 quispiam.
1163 1438 1347 1505 Innumera-

206 1543 287 1610 biles
310 1546 393 1610 enim
422 1545 482 1610 viri
506 1546 591 1610 docti
615 1544 688 1610 huic
711 1543 846 1609 facinori
873 1543 1069 1624 explorando
1092 1561 1223 1623 operam
1247 1543 1345 1608 dede·

206 1655 291 1727 runt,
314 1648 408 1713 multi
431 1649 463 1712 in
488 1647 630 1713 fontibus
654 1647 886 1728 investigandis
902 1647 1126 1727 sagacissimos
1150 1665 1184 1712 se
1207 1647 1346 1728 praesti·

205 1757 326 1834 terunt,
350 1751 408 1817 sed
431 1757 467 1817 ut
490 1751 692 1836 grammatici
716 1751 756 1815 de
780 1752 841 1815 hac
859 1769 895 1816 re
911 1750 1087 1816 sescenties
1103 1756 1245 1816 tractata
1260 1751 1346 1817 inter

207 1875 243 1923 se
259 1859 470 1939 consentiant,
496 1863 623 1922 tantum
648 1855 742 1922 abest
764 1862 799 1921 ut
818 1855 921 1922 adhuc
943 1855 1124 1937 subjudice
1139 1857 1179 1922 lis
1194 1858 1245 1922 sit.
1281 1857 1346 1922 Ne·

206 1978 266 2041 que
288 1959 553 2042 mirumvidetur,
576 1960 790 2025 recentiorum
809 1960 988 2025 sententias
1006 1959 1151 2025 diversas
1167 1979 1249 2038 esse,
1274 1979 1345 2030 cum
1366 2013 1373 2030 .

206 2083 246 2130 ne
270 2071 397 2130 veteres
420 2065 548 2144 quidem
571 2064 718 2130 historici
741 2063 781 2128 de
796 2063 996 2146 gravissimis
1011 2062 1109 2128 rebus
1124 2064 1237 2130 eadem
1251 2063 1345 2132 nobis

206 2169 348 2235 tradant.
378 2204 410 2215 -

296 2273 447 2339 Pervenit
458 2274 498 2338 ad
511 2292 569 2338 nos
580 2273 733 2338 memoria
744 2273 975 2354 conjurationis
983 2291 1042 2353 per
1051 2274 1346 2354 scriptoreshosce:

293 2379 497 2460 Ciceronem,
522 2378 720 2459 Sallustium,
743 2377 925 2459 Asconium,
947 2377 1114 2456 Velleium,
1137 2379 1346 2446 Plutarchum

209 2482 404 2561 Suetonium,
428 2482 568 2562 Florum,
592 2483 782 2563 Appianum,
808 2481 953 2548 Cassium
976 2482 1122 2565 Dionem,
1145 2483 1345 2566 Eutropium,

208 2587 365 2652 Orosium.
412 2588 587 2651 Praeterea
611 2586 789 2666 complures
813 2591 943 2651 autores
967 2585 1007 2650 de
1030 2585 1128 2652 rebus
1149 2587 1215 2654 illis
1237 2590 1345 2673 egisse

206 2693 333 2771 scimus,
358 2710 436 2773 quos
459 2697 640 2772 temporum
662 2691 833 2772 iniquitate
858 2689 1046 2773 absumptos
1069 2692 1223 2759 dolemus.
1253 2731 1287 2746 *-

295 2796 487 2862 Nominandi
512 2802 586 2862 sunt
608 2795 765 2877 imprimis
779 2796 899 2877 Livius,
922 2797 1013 2877 quus
1024 2797 1195 2877 periochae
1218 2805 1345 2867 tantum

208 2899 382 2965 Libitinam
405 2902 597 2978 vitaverunt,
621 2900 796 2978 Diodorus,
827 2900 917 2981 cujus
940 2899 1003 2964 duo
1028 2899 1211 2984 fragmenta
1234 2921 1345 2985 super-

207 3011 291 3088 sunt,
316 3005 349 3069 T.
373 3003 474 3070 Attici
497 3004 778 3069 commmentarius
801 3005 840 3068 de
865 3003 1028 3070 Ciceronis
1051 3006 1228 3088 consulatu,
1254 3007 1343 3074 deni-

206 3127 267 3191 que
290 3109 450 3175 Tanusius
472 3108 635 3191 Geminus,
660 3108 702 3173 M.
727 3107 876 3174 Actorius
892 3107 989 3190 Naso,
1013 3127 1092 3190 quoa
1114 3110 1221 3178 fontes
1243 3115 1344 3180 nomi-

204 3219 260 3279 nat
283 3213 466 3279 Suetonius.
492 3249 532 3260 -

291 3316 463 3395 Velleium,
487 3316 634 3397 Florum,
665 3315 872 3397 Eutropium,
905 3315 1055 3382 Orosium
1077 3320 1168 3398 parvi
1190 3326 1341 3390 moment'

206 3440 277 3487 esse
300 3422 415 3504 negari
437 3440 499 3485 non
522 3426 640 3501 potest.
687 3420 858 3485 Suetonius
882 3438 920 3484 ea
942 3425 1067 3486 tantum
1092 3440 1173 3503 quae
1197 3425 1240 3489 ad
1261 3426 1342 3493 Cae·

207 3545 313 3592 sarem
340 3524 547 3605 pertinebant
578 3522 671 3589 nobis
693 3524 814 3606 tradit,
847 3521 1028 3588 uberiorem
1052 3525 1191 3592 fructum
1212 3538 1345 3610 praeter

206 3630 393 3695 Ciceronem
427 3635 461 3694 et
493 3628 681 3694 Sallustium
716 3628 892 3707 Asconius,
922 3629 1135 3714 Plutarchus,
1168 3635 1343 3721 Appianus,

206 3735 267 3799 Dio
297 3733 429 3799 Cassius
460 3731 553 3798 nobis
584 3729 742 3813 praebere
774 3731 933 3796 videntur.
978 3733 1039 3812 Qui
1068 3738 1225 3816 quomodo
1259 3739 1345 3806 inter

204 3856 240 3904 se
263 3837 423 3920 conjuncti
444 3838 526 3920 sint,
560 3838 609 3902 cui
632 3835 833 3917 potissimum
866 3835 961 3901 fidem
985 3837 1162 3911 habeamus
1185 3860 1342 3922 quaeren-

204 3943 279 4008 dum
302 3946 362 4007 est.

291 4045 395 4126 Atque
418 4044 555 4124 primum
580 4043 709 4124 quidem
732 4041 810 4106 mihi
833 4042 947 4127 liceat,
977 4048 1088 4126 paucis
1111 4067 1269 4130 exponere
1293 4071 1341 4131 ea,

204 4167 286 4230 quae
311 4148 414 4213 adhue
438 4167 457 4212 a
479 4148 557 4211 viris
581 4146 686 4211 doctis
709 4146 749 4210 de
773 4148 960 4227 quaestione
984 4155 1095 4217 nostra
1114 4155 1240 4234 prolata
1256 4161 1340 4223 sunt.

205 4253 403 4334 Quamquam
425 4251 576 4333 permulti
599 4270 730 4332 operam
754 4251 959 4318 contulerunt
981 4255 1012 4318 in
1035 4255 1118 4322 harre
1141 4277 1207 4324 rem
1232 4262 1340 4343 explo-

204 4359 355 4442 randam,
386 4357 481 4440 pauci
513 4361 638 4422 tantum
662 4357 744 4424 hanc
772 4357 941 4425 materiam
963 4365 1066 4428 totam
1088 4365 1139 4428 vel
1161 4383 1280 4450 magna
1302 4386 1341 4434 en

202 4468 296 4546 parte
318 4465 550 4529 tractaverunt.
