3292 5070
834 421 852 483 6
936 485 940 492 .

363 587 489 653 Primus
512 587 725 654 nominandus
758 592 809 654 est
831 589 939 671 Lagus
950 589 994 676 1),
1028 592 1080 673 qui
1105 611 1227 658 summe
1251 593 1418 674 diligentia

277 698 393 758 eventu
415 692 501 758 haud
524 711 678 774 prospero
691 693 909 776 investigavit,
929 694 1044 775 quibus
1067 695 1210 761 lontibus
1226 697 1419 763 Plutarchus

276 796 310 861 in
344 797 563 877 componenda
598 797 762 862 Ciceronis
797 799 863 863 vita
895 817 972 864 usus
1008 800 1059 865 sit.
1114 799 1420 882 Weizsaeokerus2)

278 900 485 982 sagacissime
515 899 705 987 Heerenii³)
736 902 930 968 sententiam
963 903 1180 983 confirmavit,
1211 905 1420 971 Plutarchum

228 1021 233 1024 ·
276 1006 309 1070 111
333 1006 513 1071 enarranda
537 1006 756 1088 conjuratione
780 1007 971 1073 Catilinaria
995 1008 1181 1074 Ciceronem
1206 1010 1418 1091 excerpsisse.

280 1109 343 1175 Sed
367 1111 534 1176 nonnullos
558 1129 685 1176 errores
709 1111 886 1193 commisit,
918 1112 1036 1177 multas
1062 1113 1420 1180 difficultatessilentio

279 1215 463 1296 proeteriit.
510 1215 603 1280 Hunc
628 1221 758 1281 secutus
782 1214 1003 1298 Thouretus⁴l
1035 1216 1257 1283 demonstrare
1290 1223 1422 1282 conatus

281 1323 349 1397 est,
373 1318 510 1384 Dionem
533 1338 634 1401 aeque
658 1339 695 1385 ac
717 1319 925 1385 Plutarchum
948 1320 1140 1386 relationem
1162 1339 1254 1386 suam
1278 1321 1423 1387 Ciceroni
1452 1317 1460 1334 ”

280 1419 408 1500 debere,
431 1421 516 1503 quod
540 1422 694 1489 abhorret
718 1443 737 1489 a
760 1424 909 1489 veritate.
933 1462 976 1472 —

366 1524 601 1603 Bureschius⁵)
631 1526 671 1590 de
694 1527 868 1592 Plutarcho
896 1545 967 1592 cum
990 1526 1236 1592 Weizsseckero
1261 1533 1294 1594 et
1318 1529 1423 1594 Thou·

280 1633 351 1694 reto
375 1630 535 1695 consentit
568 1631 625 1696 sed
660 1630 742 1696 falso
774 1637 887 1714 putat,
922 1631 1068 1712 Appiano
1101 1650 1226 1713 quoque
1260 1632 1423 1698 Ciceronis

284 1731 547 1799 commentarium
576 1740 651 1800 ante
675 1735 783 1800 oculos
813 1735 920 1800 fuisse.
965 1735 1099 1800 Dionem
1124 1736 1269 1802 Cassium
1294 1755 1311 1801 e
1334 1737 1424 1802 Livio

283 1837 429 1904 hausisse
444 1845 560 1921 postea
577 1858 612 1904 se
632 1840 926 1905 demonstraturum
943 1858 1014 1904 esse
1031 1840 1187 1923 promisit,
1211 1858 1314 1921 neque
1337 1859 1423 1923 vero,

268 1942 389 2022 ‚quoad
421 1961 483 2027 ego
515 1943 623 2008 videre
657 1962 786 2023 possum
825 1943 1067 2009 demonstravit.
1123 1942 1425 2027 Schliephackius⁶)

283 2047 503 2128 copiosissime
526 2049 679 2114 tractavit
702 2047 928 2131 Plutarchum,
960 2049 1159 2130 Appianum,
1182 2050 1333 2128 Diouem,
1365 2049 1424 2115 sed

283 2170 387 2233 paene
413 2153 446 2217 in
470 2152 616 2218 omnibus
640 2153 769 2218 erravit.
812 2153 861 2218 De
885 2152 1030 2218 omnibus
1052 2152 1264 2234 scriptoribus
1288 2157 1426 2238 egerunt

283 2253 445 2339 1111111011)
479 2263 512 2322 et
542 2255 746 2339 8001011118).
798 2257 997 2338 Quamquam
1027 2256 1153 2323 Dubius
1184 2277 1245 2323 non
1278 2260 1346 2325 sine
1376 2261 1424 2324 iu·

284 2361 409 2426 dustria
431 2361 562 2442 scripsit
577 2367 685 2426 tamen
710 2381 808 2442 saepe
824 2367 922 2440 errat,
946 2363 1113 2429 contendit
1135 2363 1229 2442 enim,
1252 2369 1288 2430 ut
1303 2365 1427 2432 minora

285 2465 441 2548 omittam,
465 2465 672 2530 Plutarchum
696 2485 713 2530 e
738 2467 827 2531 Livio
850 2466 1007 2550 hausisse,
1041 2468 1174 2533 Dionem
1197 2487 1273 2533 vero
1298 2487 1336 2533 ex
1359 2489 1425 2534 om·

285 2567 379 2635 uibus
410 2568 621 2649 scriptoribus
654 2569 846 2634 relationem
879 2588 970 2636 suam
1003 2572 1216 2654 congessisse.
1269 2572 1426 2640 Bessorus

288 2691 382 2752 vero,
414 2673 467 2754 qui
499 2678 603 2738 totam
637 2674 803 2739 materiam
835 2674 939 2740 denuo
970 2677 1168 2756 perscrutari
1201 2681 1234 2741 et
1257 2677 1429 2758 diligenter

289 2775 473 2842 examinare
497 2776 559 2841 sibi
581 2777 765 2860 proposuit,
798 2778 902 2843 oleum
925 2784 959 2844 ot
981 2797 1112 2859 operam
1135 2779 1317 2860 perdidisse
1339 2781 1428 2847 uide-

285 2886 353 2964 tur,
377 2880 439 2946 etsi
462 2882 546 2946 enim
567 2882 670 2947 multa
692 2883 915 2963 comportavit,
938 2889 1046 2948 tamen
1071 2883 1185 2948 critica
1208 2901 1262 2949 ars
1294 2889 1328 2949 et
1350 2903 1424 2950 acu-

362 3134 388 3204 1)
408 3135 510 3205 Lagus:
542 3135 710 3190 Plutarchus
736 3136 813 3191 vitae
833 3135 975 3191 Ciceronis
1001 3134 1129 3204 scriptor.
1167 3135 1339 3205 Helsinglors
1366 3137 1432 3194 diss.

288 3241 329 3279 ac.
354 3224 430 3279 1846.

361 3315 389 3383 2)
408 3314 617 3390 Weiasuecker:
649 3315 767 3370 Cicero's
786 3315 974 3384 hypomnema
992 3313 1048 3368 und
1069 3314 1212 3370 Plutarch.
1250 3315 1329 3371 Neue
1348 3316 1431 3372 Jahr-

290 3402 397 3458 biicher
415 3403 459 3456 rur
478 3404 643 3474 Philologie.
681 3405 827 3475 Jahrgcng
845 3406 889 3459 46.
927 3403 977 3458 Bu.
1000 3405 1059 3459 lll.
1100 3405 1178 3459 1876.

361 3493 389 3563 3)
408 3493 532 3547 Haeren:
564 3494 604 3546 De
624 3493 749 3548 fontibus
775 3497 805 3548 et
822 3492 979 3548 autoritate
1003 3492 1129 3546 vitarum
1149 3492 1348 3562 parallelorum
1367 3492 1432 3546 Plu·

289 3581 390 3636 tarchi.
429 3580 581 3650 Gottingae
605 3583 680 3638 1820.

361 3671 389 3741 4)
408 3669 440 3725 G.
460 3669 597 3724 Thouret:
629 3671 663 3725 de
684 3669 831 3738 Cicerone,
862 3670 959 3725 Asinio
987 3669 1137 3736 Pollione,
1166 3669 1198 3725 G.
1224 3670 1316 3741 Oppio
1341 3689 1433 3728 rerum

290 3759 521 3816 Caesarianurum
540 3759 731 3829 scriptoribus.
761 3759 909 3829 Leipziger
927 3757 1046 3814 Studien
1065 3775 1113 3811 zur
1126 3757 1284 3830 Philologie
1304 3760 1325 3814 l.
1355 3761 1433 3815 1878.

362 3851 389 3920 5)
408 3849 543 3904 Buresch:
571 3849 622 3905 Die
642 3849 759 3915 Quellen
779 3867 812 3903 zu
834 3848 888 3904 den
908 3847 1109 3903 vorhandenen
1129 3847 1279 3904 Bericbten
1298 3849 1368 3904 uibar
1386 3849 1432 3906 dia

290 3939 373 3995 Catil.
394 3940 616 4010 Verschwdruug
634 3939 885 3995 commentationes
905 3935 1125 3992 Ribbeclrianae.
1162 3938 1277 4009 Leipzig
1298 3939 1376 3996 1888.

362 4030 389 4099 6)
408 4028 626 4099 Schliephaclre:
657 4029 750 4084 Ueber
776 4029 822 4084 die
842 4027 1035 4097 griechischen
1054 4026 1172 4092 Quellen
1192 4028 1342 4095 aurCatil.
1363 4029 1430 4084 Ver·
1540 4113 1544 4122 ι

292 4119 466 4188 sohwtrung.
503 4119 704 4174 (1011011877.

363 4209 391 4280 7)
410 4209 497 4264 Dlibi:
518 4211 570 4265 Die
584 4210 723 4280 jdngeren
737 4209 857 4276 Queileu
875 4207 925 4262 der
936 4205 1260 4274 Catilllerschwtruug.
1289 4205 1324 4260 N.
1335 4207 1433 4262 Jahrb.

291 4295 579 4354 formosulus.
620 4299 697 4354 1876.

365 4387 392 4457 8)
411 4387 523 4444 Besser:
553 4388 592 4444 De
621 4386 814 4458 conjuratione
834 4384 1010 4440 Catilinaria.
1047 4381 1210 4440 dissertatio
1228 4382 1433 4453 philosophica.

293 4475 407 4548 Leipzig
427 4478 503 4534 1880.
