3292 5070
835 389 875 460 38,

287 568 338 632 cst
360 561 460 630 stiam
482 561 614 627 strictos
641 556 766 640 gladios
788 575 842 623 us·
872 580 955 640 γεται
990 563 1026 642 τῇ
1080 556 1214 644 τηβέννῳ
1257 555 1425 642 περιβαλὼν

288 687 349 752 que
382 686 420 734 eo
449 667 614 730 intentans
643 669 681 728 ut
697 712 703 728 .
719 713 725 727 .
742 711 769 726 ..
792 663 844 726 vix
875 661 1099 744 basiapapcin“.
1126 698 1168 750 “.
1402 685 1407 692 ·

286 773 382 857 pauci
419 770 585 851 complexu
616 772 756 848 togaque
789 764 845 831 ob·

287 878 379 960 jecta
401 871 632 956 protexerint

376 976 484 1043 Adicit
501 975 705 1058 Plutarchus,
729 973 876 1039 Ciceroni
900 974 1079 1056 complures
1097 975 1259 1056 (Pisonem
1283 978 1317 1037 et
1332 972 1428 1038 Catu·

286 1085 352 1149 lum
375 1077 537 1165 significat
559 1078 598 1143 cf.
624 1079 716 1145 Caes.
741 1076 814 1143 VII.
839 1084 873 1142 et
895 1077 971 1143 Sall.
997 1079 1067 1144 Cat.
1092 1083 1146 1154 49)
1178 1076 1349 1158 opprobrio
1373 1077 1429 1141 de·

288 1185 391 1264 disse,
423 1185 506 1266 quod
530 1202 568 1248 eo
590 1187 735 1264 tempore
759 1189 847 1248 metu
870 1181 973 1264 plebis
997 1203 1077 1264 qnae
1100 1180 1233 1246 mirifice
1255 1181 1427 1247 Caesarem

286 1289 436 1372 amabat,
468 1294 646 1354 commotus
669 1292 773 1366 esset,
805 1291 842 1354 ut
865 1287 1037 1353 Caesarem
1060 1305 1154 1370 quem
1178 1287 1427 1352 circumventum

285 1392 422 1461 tenebat
451 1412 469 1459 e
499 1391 648 1458 manibus
679 1394 852 1459 emitteret.
907 1392 1094 1474 Suetonius,
1129 1410 1199 1471 cap.
1226 1397 1275 1456 17.
1307 1390 1425 1456 tradit:

288 1499 411 1567 Caesar
439 1498 517 1563 aL.
541 1497 652 1563 Vettio
684 1496 789 1562 indice
818 1497 905 1578 ‚apud
928 1497 1063 1562 Novium
1091 1500 1312 1578 quaestorem,
1346 1493 1425 1572 ao.

287 1604 384 1671 Curio
408 1602 440 1667 in
464 1607 581 1667 senatu
602 1601 689 1668 inter
711 1603 815 1667 socios
833 1602 991 1667 Catilinae
1014 1602 1196 1668 nominatus
1219 1585 1279 1666 est.¹
1312 1600 1427 1666 Ourios

287 1707 460 1775 ecatilina
483 1725 518 1772 se
542 1707 732 1792 cognovisse
754 1705 893 1784 dicebat,
919 1706 1047 1772 Vettius
1064 1708 1162 1773 etiam
1178 1705 1427 1791 chirographum

285 1813 355 1896 ejus
378 1809 603 1893 pollicebatur.
627 1847 667 1858 -—
693 1811 826 1884 Caesar,
845 1811 1016 1890 implorato
1040 1812 1204 1877 Ciceronis
1229 1809 1425 1892 testimonio,

285 1915 443 2000 quaedam
467 1933 502 1980 sc
526 1915 565 1981 de
589 1915 809 1996 conjuratione
835 1914 922 1979 ultro
946 1915 986 1979 ad
1011 1934 1082 1981 eum
1106 1916 1279 1996 detulisse,
1309 1913 1424 1998 effecit,

283 2039 324 2088 ne
348 2019 444 2086 Curio
472 2019 617 2101 praemia
648 2020 820 2100 darentur,
861 2019 1007 2085 Vettium
1035 2019 1067 2082 in
1105 2037 1268 2082 carcarem
1301 2017 1424 2100 coiecit,

285 2123 397 2190 eodem
408 2122 546 2187 Novium
566 2127 770 2204 quaestorem
787 2122 871 2204 quod
896 2123 1080 2203 compellari
1104 2121 1189 2202 apud
1213 2140 1248 2186 se
1271 2122 1424 2202 majorem

284 2233 481 2311 potestatem
504 2244 619 2307 passus
643 2231 741 2296 esset.
774 2226 946 2290 Suetonius
969 2226 1067 2306 igitur
1090 2224 1258 2291 confirmat
1281 2244 1319 2289 ea
1342 2243 1424 2306 quae

283 2331 477 2397 Plutarchus
501 2329 674 2405 contendit,
700 2330 873 2396 Caesarem
886 2330 1040 2396 Cicerone
1057 2331 1230 2412 adjnvante
1247 2330 1424 2412 periculum

283 2434 362 2501 illud
387 2434 549 2516 effugisse.
593 2435 708 2515 ltaque
732 2453 874 2517 sumam,
906 2435 1092 2502 Suetonium
1115 2455 1154 2502 ea
1178 2435 1314 2517 quaein
1337 2434 1424 2516 capi·
1494 2447 1498 2456 ’

284 2538 372 2614 tibus
398 2544 437 2604 14
460 2542 495 2605 et
521 2543 557 2603 17
582 2545 694 2604 narrat
717 2539 857 2605 Tanusio
880 2537 1009 2606 debere.

714 2736 986 2839 Appianas.

369 2886 547 2966 Appianum
577 2885 610 2949 in
641 2886 822 2952 enarranda
846 2887 1065 2968 conjuratione
1094 2885 1280 2967 primarium
1313 2885 1425 2950 ducem

282 2989 469 3056 Sallustium
492 2995 638 3055 secutum
661 3009 733 3057 esse
757 2992 818 3057 viri
842 2992 929 3058 docti
952 2991 1165 3057 consentiunt.
1201 2990 1284 3056 Prae
1308 2990 1430 3056 ceteris.

282 3093 532 3160 Wiedemannus
556 3095 728 3180 (Philolog.
742 3096 828 3161 XXI.
852 3116 882 3179 p.
899 3101 970 3162 ,273
983 3094 1029 3180 ff.)
1053 3094 1295 3174 demonstrauit,
1320 3096 1425 3160 omnia

284 3217 367 3282 quae
397 3200 430 3263 in
463 3197 625 3280 capitibus
649 3203 733 3266 2-5
768 3202 852 3282 apud
877 3201 1054 3282 Appianum
1088 3201 1225 3285 legimns
1257 3201 1297 3265 ad
1322 3198 1425 3265 Sallu·

283 3303 382 3368 stium
403 3301 521 3367 referri
543 3321 651 3384 posse.
697 3303 730 3368 Si
753 3304 915 3369 interdum
946 3289 1076 3370 autores
1099 3304 1226 3369 diversa
1248 3304 1425 3388 proferunt,

283 3404 463 3487 Appianum
486 3405 607 3471 fontem
632 3426 724 3472 suum
740 3408 946 3491 negligenter
962 3409 1162 3490 excerpsisse
1185 3410 1299 3474 elucet.
1338 3409 1424 3474 Non·

279 3510 370 3575 nulla
392 3516 501 3575 autem
525 3511 556 3574 in
576 3510 738 3592 capitibus
762 3517 845 3576 6-7
864 3514 1028 3595 Appianus
1049 3515 1177 3579 aliunde
1193 3514 1338 3596 sumpsit,
1362 3531 1424 3595 quo

282 3632 358 3678 vero
389 3612 478 3678 fonte
512 3632 590 3680 usus
631 3615 693 3694 sit,
725 3616 780 3680 alii
813 3615 908 3682 aliter
934 3616 1129 3699 judicanc1).
1174 3618 1424 3683 Wiedemannus

279 3716 486 3782 Plutarchum
510 3717 540 3783 ei
563 3722 638 3784 ante
662 3719 771 3785 oculos
794 3719 905 3803 inisse,
927 3722 1100 3804 contendit,
1124 3741 1226 3804 neque
1249 3740 1325 3786 vero
1338 3728 1424 3804 apte,

285 3826 321 3886 ut
342 3821 402 3887 hoc
426 3821 676 3904 demonstraret,
698 3825 809 3890 attulit
831 3826 920 3891 locos
943 3845 960 3890 e
983 3826 1150 3892 Plutarchi
1172 3827 1240 3893 vita
1256 3827 1422 3909 Caesaris;

356 3982 382 4051 1)
399 3982 575 4052 Wijnne„de
594 3984 648 4039 fide
668 3986 697 4039 et
715 3986 870 4040 autoritate
889 3986 1023 4056 Appiani.
1056 3987 1218 4058 Groningae
1238 3990 1306 4044 1855
1326 4008 1372 4059 pg.
1387 3991 1422 4043 43

279 4072 393 4144 praeter
412 4070 577 4124 Sallustium
598 4073 676 4126 Bruti
698 4073 801 4127 librum
822 4075 857 4129 de
881 4075 1014 4132 laudibus
1033 4075 1147 4131 Catonis
1172 4079 1208 4132 ab
1229 4079 1359 4149 Appiano
1378 4095 1424 4132 ex·

284 4161 412 4229 carptum
431 4174 490 4213 esse
509 4159 659 4215 existimat.

349 4247 528 4302 Drumannus
548 4248 580 4303 V.
600 4250 651 4304 496
680 4250 746 4306 Not.
778 4254 827 4318 14,
858 4253 966 4308 Ddbius
985 4273 1032 4324 pg.
1053 4255 1106 4311 869
1136 4273 1198 4310 cum
1219 4256 1423 4312 Wiedemanno

283 4336 472 4394 consentiunt
510 4337 741 4408 Schliephaclrius
760 4360 807 4412 pg.
827 4343 861 4396 22
881 4344 1050 4399 etBesserus
1068 4363 1115 4415 pg.
1135 4347 1178 4400 43.
1215 4346 1375 4416 Appianum
1395 4348 1425 4402 et

282 4423 465 4481 Plutarchum
483 4443 517 4482 ex
537 4426 634 4482 eodem
653 4427 740 4495 fonte,
760 4430 848 4498 Livio,
867 4431 992 4489 hausisse
1011 4435 1122 4504 putant.
