3292 5070
790 453 828 514 13

238 625 362 690 sulatus
385 624 435 688 sui
457 623 560 687 multa
582 621 764 703 pollicendo
786 639 845 702 per
867 621 1013 686 Fulviam
1037 619 1196 698 effecisse,
1227 617 1375 683 utCati·

238 727 322 792 linae
352 726 486 792 consilia
509 725 623 791 Curius
654 723 716 790 sibi
750 725 904 806 proderet
926 725 1009 806 (cap.
1034 723 1101 808 26).
1146 723 1261 790 Curius
1285 723 1375 789 Cice-

236 849 346 896 ronam
371 831 410 895 de
433 830 576 911 insidiis3
607 847 689 910 quae
716 830 745 893 ei
775 849 794 894 a
818 828 966 894 Cornelio
997 834 1031 894 et
1051 828 1249 911 Vargunteio
1280 847 1376 911 para·

236 935 356 1002 bantur
378 937 549 1001 certiorem
579 933 657 999 lecit
680 933 763 1018 (cap.
789 933 853 1019 28).
899 933 1039 999 Catilina
1062 935 1102 999 ad
1125 935 1280 1000 Manlium
1302 953 1376 1016 pro·

236 1039 379 1105 lecturus
402 1039 544 1120 Cethego
567 1044 601 1103 et
621 1039 758 1104 Lentulo
781 1039 923 1120 mandat,
947 1043 983 1104 ut
1006 1040 1127 1104 consuli
1149 1038 1284 1105 insidias
1306 1057 1373 1106 ma-

236 1148 354 1220 turent,
376 1143 505 1210 caedem
529 1143 678 1208 incendia
702 1143 829 1225 aliaque
852 1141 931 1207 helli
955 1139 1101 1208 facinora
1123 1149 1249 1224 parent.
1273 1178 1315 1192 -

322 1249 514 1313 Plutarchus
537 1253 650 1312 narrat
685 1245 751 1330 (vit
774 1247 839 1312 Cio.
866 1247 1024 1329 16-1a):
1060 1247 1205 1312 Fulviam
1228 1235 1374 1314 Ciceroni

236 1352 371 1418 insidias
394 1372 414 1417 a
436 1351 580 1434 Cethego
606 1356 639 1416 et
661 1351 807 1416 Marcio?
838 1357 971 1433 paratas
993 1351 1196 1432 patefecisse.
1234 1353 1375 1419 Catilina

236 1477 275 1522 ex
304 1455 383 1522 urhe
412 1457 506 1537 pulso
537 1456 721 1537 conjuratos
752 1455 884 1521 caedem
915 1455 1107 1520 Senatorum
1134 1456 1166 1520 in
1191 1457 1376 1522 Saturnalia

235 1562 408 1628 contulisse
433 1557 514 1644 ηΚαὶ
537 1557 584 1630 νὺξ
609 1557 661 1643 μὲν
685 1562 793 1645 ὥριστο
815 1557 888 1645 πρὸς
910 1559 963 1644 τὴν
986 1559 1119 1624 ἐπίθεσιν
1144 1559 1196 1644 μία
1215 1565 1275 1625 τῶν
1291 1559 1375 1647 Κρο-

235 1665 377 1730 νιάδωνί.
415 1667 501 1730 Ηυου
524 1665 712 1730 oCicerone
735 1665 853 1730 hausta
879 1683 951 1729 esse
974 1664 1058 1730 infra
1073 1664 1374 1732 demonstrabimus.

236 1767 285 1837 De
309 1771 405 1836 Curio
431 1771 623 1836 Plutarchus
646 1775 735 1835 tacet
757 1770 852 1834 sicuti
876 1769 1006 1848 Cicero,
1039 1770 1093 1852 qul
1117 1789 1279 1853 nunquam
1303 1792 1375 1838 eum

237 1880 478 1958 commemorat,
499 1893 603 1956 neque
626 1875 849 1956 comperimus,
879 1875 1035 1955 quomodo
1058 1875 1171 1941 Fulvia
1194 1878 1375 1960 conjurato-

237 1999 307 2045 rum
331 1979 466 2045 consilia
489 1979 682 2060 cognoverit.

322 2085 437 2165 Itaque
467 2103 570 2165 nequo
603 2103 674 2150 cum
698 2082 852 2148 Sallustio
883 2099 985 2164 neque
1009 2103 1078 2150 cum
1103 2085 1256 2152 Cicerone
1279 2090 1374 2169 plane

237 2189 397 2255 consentit
420 2187 591 2253 Diodorus.
637 2189 704 2252 Iam
728 2206 803 2252 vero
827 2189 966 2253 altanum
984 2187 1200 2273 fragmentum
1224 2193 1374 2274 inspicia-

236 2311 316 2376 mus,
341 2292 425 2373 quod
450 2292 560 2357 attulit
583 2292 756 2373 Beckerus‚
780 2293 857 2356 Exc.
881 2293 955 2358 Vat.
978 2311 1010 2373 p.
1037 2297 1106 2359 128.

324 2397 439 2462 Tradit
461 2397 639 2478 Diodorus,
675 2396 846 2461 Catilinam
869 2416 888 2461 a
911 2396 1065 2462 Cicerone
1088 2398 1121 2462 in
1145 2404 1259 2466 senatu
1282 2419 1375 2466 accu-

236 2507 340 2567 satum
365 2501 502 2583 dixisse,
537 2521 698 2583 nunquam
721 2520 756 2567 se
780 2521 838 2568 sua
860 2509 975 2583 sponte
1004 2504 1036 2566 in
1061 2504 1190 2568 exilium
1211 2504 1374 2585 profectu-

236 2625 307 2672 rum
337 2623 418 2671 asse.
471 2606 596 2670 Deinde
628 2605 815 2671 Ciceronem
847 2625 866 2670 a
897 2611 1009 2672 senatu
1041 2607 1256 2689 quaesivisse,
1299 2626 1373 2674 num

235 2711 390 2795 placeret,
413 2711 587 2776 Catilinam
611 2729 650 2775 ex
671 2709 752 2776 urbe
775 2709 895 2793 egredi.
931 2709 1082 2776 Patribus
1104 2716 1193 2777 metu
1217 2712 1374 2779 Catilinae

177 2846 180 2852 ·
236 2815 419 2881 tacentibus
444 2817 547 2881 denuo
572 2815 760 2881 Ciceronem
783 2833 930 2898 rogasse,
952 2835 1026 2881 num
1048 2814 1267 2897 prohiberent,
1297 2837 1374 2899 quo·

236 2921 339 2986 minus
370 2920 508 2986 Catilina
538 2921 571 2984 in
606 2920 735 2986 exilium
763 2919 836 2984 iret.
885 2923 960 3004 »μιᾷ
990 2917 1023 2982 δὲ
1052 2922 1140 3005 φωνῇ
1172 2919 1288 2986 πάντων
1318 2923 1375 2987 ἀνα

237 3022 418 3109 βυησοίντων,
443 3022 483 3107 μὴ
510 3024 626 3104 δοκεῖν,
659 3020 710 3086 καί
733 3023 984 3107 δυσχεραινόντων
1008 3021 1057 3086 ἐπί
1078 3025 1121 3109 τῷ
1144 3022 1231 3090 πάλιν
1255 3025 1375 3110 ῥηθέντι

234 3124 281 3190 ἐπὶ
304 3125 353 3189 τὸν
369 3124 529 3190 Κατιλίναν
546 3125 667 3211 ἔφησεν,
692 3127 760 3188 ὅταν
784 3123 848 3189 τινὰ
872 3125 912 3210 μὴ
928 3126 1088 3210 νομίσωσιν
1110 3125 1185 3191 εἶναι
1206 3129 1373 3213 ἐπιτήδειον

236 3237 332 3314 φυγῆς
357 3231 424 3315 μεθ’
438 3232 511 3314 ὅσης
534 3237 665 3315 κραυγῆς
685 3229 893 3313 ἀντιλέγουσιν,
917 3233 995 3294 ὥστε
1009 3229 1084 3296 εἶναι
1108 3231 1234 3318 φανερὸν
1259 3235 1303 3297 ὅτι
1325 3232 1374 3298 διὰ

234 3341 287 3418 τῆς
304 3342 419 3419 σιωπῆς
436 3337 615 3419 ὁμολογοῦσι
631 3336 738 3420 φυγήν.
769 3330 810 3399 Ὃ
829 3333 861 3397 δὲ
874 3333 1033 3408 Κατιλίνας
1057 3337 1147 3401 εἰπὼν
1171 3339 1216 3401 ὅτι
1232 3338 1375 3425 βουλεύου

232 3463 281 3504 ται
302 3441 372 3504 καθ’
396 3439 501 3505 ἑαυτὸν
525 3439 753 3526 ἀπεχώρησενα.

318 3546 365 3610 De
390 3547 504 3611 eadem
533 3566 568 3611 re
593 3546 748 3612 certiores
777 3565 835 3612 nos
858 3547 937 3612 facit
961 3549 1089 3628 Cicero,
1122 3547 1160 3612 cf.
1184 3549 1216 3613 iu
1240 3549 1333 3614 Catil.
1357 3549 1373 3614 Ι

232 3653 371 3714 20-21.
418 3649 480 3715 Sed
512 3650 597 3731 apud
621 3651 797 3715 Diodorum
820 3649 870 3717 bis
899 3652 939 3717 de
963 3651 1103 3716 Catilina
1127 3651 1238 3717 Cicero
1267 3657 1372 3735 rogat,

235 3752 267 3816 in
292 3755 438 3819 oratione
462 3754 634 3819 Catilinam
658 3773 696 3830 eu
718 3753 798 3820 urbe
822 3756 936 3839 egredi
959 3754 1052 3837 jubet
1074 3761 1248 3837 patresque
1264 3762 1372 3823 tacen-

234 3862 285 3923 tes
308 3859 368 3923 hoc
391 3856 529 3938 probare
552 3865 586 3924 et
609 3859 678 3941 pati
701 3859 876 3942 contendit,
899 3878 973 3924 nam
997 3861 1023 3926 si
1046 3861 1131 3926 idem
1155 3861 1195 3925 de
1215 3862 1249 3926 P.
1267 3861 1373 3928 Sestio

229 3959 296 4027 sive
319 3962 358 4027 de
383 3961 426 4025 M.
451 3961 609 4028 Marcello
636 3963 788 4042 dixisset,
818 3961 961 4028 futurum
984 3963 1084 4029 luisse
1105 3970 1142 4029 ut
1165 3962 1227 4028 sibi
1250 3965 1373 4032 consuli

230 4063 263 4128 in
287 4065 357 4147 ipso
380 4066 505 4145 templo
528 4067 592 4131 uim
616 4072 649 4132 et
670 4085 785 4132 manus
808 4071 955 4132 sentores
977 4065 1144 4133 inferrent.
1171 4105 1207 4112 —
1233 4067 1371 4132 Dindor-

227 4165 287 4234 lius
311 4175 446 4235 conatus
477 4176 529 4236 eat
552 4171 738 4252 coniectura
765 4167 909 4253 efficere,
941 4175 978 4236 ut
1000 4171 1161 4237 Diodorus
1185 4190 1256 4237 cum
1280 4173 1371 4237 Cice·

229 4291 308 4338 rone
343 4276 541 4360 consentiat,
581 4276 727 4342 scribens
759 4293 816 4356 pro
850 4273 957 4341 verbis
993 4276 1040 4360 ,et
1068 4275 1216 4368 κωλύουσι
1246 4275 1371 4340 Λεύκιον

227 4371 408 4442 Κατιλίναν“
441 4378 468 4440 εί
498 4377 652 4442 κελεύουσι
684 4376 808 4441 Λεύκιον
839 4375 963 4444 Κοίντον
995 4378 1123 4447 Κάτλον.
1177 4379 1247 4445 Nun
1278 4399 1370 4462 negO,

226 4480 329 4563 primo
363 4489 496 4565 aspectu
526 4485 609 4550 hanc
640 4485 856 4567 conjecturam
887 4484 964 4548 mihi
995 4485 1173 4568 placuisse,
1211 4485 1259 4551 sic
1285 4487 1373 4551 enim
