3292 5070
276 629 433 715 perfectio
456 639 492 702 at
519 641 652 703 conatus
685 639 794 702 tamen
825 640 921 719 atque
952 631 1185 702 adumbratio.“
1234 635 1414 721 Praecepta

277 755 402 821 quoque
438 741 640 823 eloquentiae
676 760 757 824 quae
788 743 980 808 Plutarchus
1023 741 1154 808 exhibet
1183 743 1213 808 oi
1244 741 1417 810 tribuenda

277 835 406 924 ctellseo,¹
427 864 520 927 quem
535 847 693 928 imprimis
719 848 782 932 „aqi
798 847 879 932 λόγῳ
895 844 927 909 τὸ
944 848 1053 909 λυποῦν
1070 846 1208 931 ἀφαιρεῖν
1221 851 1273 910 τοῦ
1298 847 1415 933 συμφέ-

277 949 396 1030 ροντος“
413 951 495 1015 miro
511 951 605 1016 modo
624 951 773 1016 calluisse
789 954 890 1016 multa
907 952 1023 1016 docent
1041 953 1196 1032 exempla.
1228 952 1267 1018 ci.
1285 952 1416 1029 Quintil.

275 1051 331 1134 XI,
358 1059 384 1118 1.
404 1059 453 1119 85.
485 1057 679 1140 „mollienda
709 1062 760 1122 est
789 1058 822 1120 in
845 1057 1008 1138 plerisque
1038 1057 1102 1121 alio
1126 1057 1232 1122 colore
1255 1057 1416 1139 asperitas

276 1159 430 1224 orationis
460 1166 496 1226 ut
520 1161 632 1227 Cicero
662 1161 703 1227 de
733 1162 987 1243 proscriptorum
1016 1158 1092 1225 filiis
1115 1157 1223 1226 fecit.“
1270 1161 1310 1227 cf.
1334 1161 1415 1228 Plin.

275 1259 349 1326 hist.
373 1282 441 1328 nar.
465 1265 535 1331 Vll.
558 1271 608 1332 30.
632 1303 676 1313 -

361 1367 660 1449 Splendidissimum
683 1371 778 1453 hujus
801 1371 882 1436 artis
898 1371 1061 1451 specimen
1078 1370 1181 1436 oratio
1204 1369 1267 1436 fuit
1288 1369 1329 1436 de
1353 1389 1416 1451 qua
1497 1420 1499 1425 .

276 1472 401 1555 agitur,
440 1473 538 1539 rerba
571 1476 642 1556 ipsa
676 1475 842 1541 Plutarchi
880 1475 1002 1540 iontem
1035 1473 1225 1556 significant.
1282 1473 1415 1556 Semper

276 1574 387 1641 Cicero
421 1579 504 1643 hanc
539 1579 644 1662 legem
674 1579 761 1662 plebi
792 1580 1045 1660 valdeplacere
1069 1577 1244 1644 contendit.
1290 1578 1330 1643 ci.
1354 1598 1413 1659 pro

274 1681 355 1746 Mur.
387 1683 479 1766 §th
515 1686 587 1770 „lex
609 1686 699 1767 haec,
734 1704 815 1767 quae
846 1685 887 1750 ad
917 1685 1010 1750 ludos
1038 1683 1180 1766 pertinet
1203 1689 1253 1748 est
1276 1683 1414 1749 omnium

274 1787 490 1865 gratissima“.
528 1791 643 1855 Ascon.
668 1791 701 1854 in
724 1791 818 1856 Oorn.
836 1796 887 1856 70.
912 1809 1004 1875 „cnm
1026 1790 1131 1869 legem
1156 1789 1317 1854 Aureliam
1342 1807 1415 1854 cum

273 1890 424 1957 Rosciam
446 1912 509 1959 non
532 1894 625 1960 modo
649 1895 774 1976 accepit
797 1892 917 1980 (plebs)
942 1894 1000 1959 sed
1023 1894 1122 1958 etiam
1145 1891 1366 1975 efflagitavit.“

359 1996 459 2062 Recte
483 2004 673 2064 monuerunt
696 1999 757 2064 viri
780 1999 876 2077 docti,
907 1998 1108 2080 prolusiones
1131 1999 1205 2064 illas
1229 1999 1316 2080 apud
1338 1999 1414 2064 Plu·

273 2100 419 2166 tarchum
442 2121 505 2167 nou
528 2104 639 2169 eodem
664 2103 775 2169 ordine
798 2122 860 2186 quo
877 2102 963 2184 apud
981 2103 1170 2168 Ciceronem
1186 2107 1415 2167 enumerantur

275 2203 313 2268 cl.
348 2206 389 2270 ad
424 2207 521 2272 Attic.
545 2209 631 2273 ill.
666 2209 699 2272 in
731 2208 795 2274 Pis.
820 2214 850 2290 4,
884 2208 1031 2273 tractari.
1077 2207 1146 2273 Hoc
1182 2212 1291 2272 autem
1322 2207 1414 2288 parvi

273 2312 426 2376 momenti
460 2317 521 2392 est,
558 2332 632 2378 nam
661 2313 800 2395 primum
831 2331 871 2377 na
901 2313 977 2377 illae
1002 2313 1131 2393 quidem
1154 2311 1413 2376 enumerationes

271 2415 367 2495 plane
396 2422 587 2503 congruunt,
618 2417 733 2484 deinde
764 2417 843 2482 nihil
865 2415 1025 2498 prohibet,
1060 2416 1226 2498 quominus
1249 2433 1412 2482 sumamus

247 2519 458 2586 ·Oiceronem
488 2523 520 2587 in
549 2523 795 2605 hypomnemate
827 2541 865 2588 eo
896 2522 1051 2587 narrandi
1079 2520 1191 2586 ordine
1214 2538 1306 2586 usum
1330 2538 1413 2599 esse,

271 2628 307 2689 ut
330 2643 349 2690 a
372 2626 548 2692 minoribus
569 2626 668 2692 rebus
691 2628 732 2692 ad
757 2627 895 2708 majores
908 2626 1087 2708 pingendas
1103 2624 1195 2706 quasi
1211 2624 1413 2708 ascenderet,

271 2729 403 2794 tertium
418 2729 559 2796 fortasse
572 2732 764 2797 Plutarchus
787 2733 856 2813 ipsa
880 2730 996 2796 seriem
1019 2748 1127 2795 rerum
1147 2729 1296 2812 mutavit,
1319 2748 1414 2811 quem

272 2835 425 2901 nonnulla
436 2836 584 2902 omisisse
604 2841 749 2917 apparet.
787 2835 849 2902 Vix
863 2835 945 2901 enim
958 2834 1156 2916 persuadere
1181 2833 1258 2898 mihi
1271 2852 1412 2917 possum,

172 2949 180 2966 ·
271 2937 413 3004 futurum
442 2940 543 3006 fuisse
576 2948 611 3007 ut
646 2942 686 3007 de
718 2941 864 3006 oratione
898 2959 955 3022 pro
987 2939 1121 3005 Rabirio
1153 2937 1268 3004 habita
1298 2938 1411 3004 Cicero

273 3049 410 3127 taceret,
441 3045 633 3112 mirantibus
663 3051 771 3111 autem
800 3045 878 3110 viris
905 3045 1010 3110 doctis
1025 3044 1048 3127 ¹)
1080 3043 1160 3108 nihil
1190 3061 1249 3110 nos
1276 3043 1414 3128 delego

275 3147 381 3213 Tullia
403 3147 444 3214 de
460 3148 583 3215 ambitu
599 3151 751 3232 invenire,
775 3149 932 3216 adsentiri
953 3167 1017 3213 non
1039 3166 1181 3231 possum,
1204 3166 1307 3229 neque
1330 3147 1415 3214 enim

273 3251 469 3332 inepistola
493 3253 533 3317 ad
556 3255 652 3319 Attio.
675 3255 715 3320 11.
735 3260 763 3318 1.
786 3272 888 3336 neque
912 3255 944 3318 in
961 3254 1106 3319 oratione
1128 3253 1160 3317 in
1184 3253 1287 3318 Pisa
1310 3271 1415 3334 neque

274 3355 338 3422 alio
376 3356 446 3422 loco
480 3357 592 3422 Cicero
631 3377 700 3424 eam
734 3363 962 3424 commemorat
998 3363 1134 3438 excepta
1167 3356 1314 3422 oratione
1355 3375 1414 3438 pro

273 3460 409 3526 Murena
430 3459 544 3527 habita
567 3463 610 3546 (3,
637 3465 665 3544 5,
689 3463 744 3545 46)
776 3461 830 3527 ubi
853 3480 889 3526 re
913 3481 989 3529 vera
1013 3462 1189 3543 Sulpicium
1212 3461 1308 3542 hujus
1330 3462 1415 3546 legis

274 3569 419 3631 autorem
443 3584 515 3632 csse
538 3566 714 3646 contendit,
740 3584 834 3649 quam
865 3565 975 3632 multis
1005 3565 1237 3647 disciplicuisso
1260 3564 1415 3631 videmus.

273 3670 387 3751 Itaque
417 3670 548 3751 Cicero,
587 3676 624 3737 ut
664 3671 817 3738 invidiam
851 3671 972 3737 vitarat
1004 3671 1133 3739 silentio
1164 3689 1237 3736 earn
1267 3674 1414 3754 praeter·
1545 3717 1548 3722 -

272 3774 370 3840 misit.
398 3810 433 3822 —

360 3878 603 3945 Prolusiouibus
626 3881 782 3962 expositis
806 3880 848 3946 ad
872 3881 1046 3948 Catilinam
1062 3879 1255 3948 Plutarchus
1278 3879 1415 3946 reverti-

272 3987 327 4048 tur
369 4001 520 4068 narrans‚
564 3986 747 4067 conjuratos
789 4005 868 4068 quos
904 3985 1042 4068 primum
1078 4004 1179 4066 pavor
1217 3986 1251 4049 in
1288 3984 1414 4050 occulto

274 4091 425 4153 tenuerat
453 4094 551 4166 metu,
585 4108 625 4154 ne
648 4109 667 4154 a
689 4090 842 4172 Pompeio
882 4092 936 4173 qui
955 4092 1023 4172 Jam
1045 4091 1153 4156 redire
1177 4107 1249 4156 cum
1272 4089 1416 4155 exercitu

275 4190 443 4258 dicebatur
475 4194 748 4278 opprimerentur,
782 4196 825 4262 ad
854 4195 1083 4263 maturandum
1117 4193 1223 4260 scelus
1256 4194 1416 4260 excitatos

274 4314 356 4362 esse.
398 4295 631 4364 Affirmaverim
656 4299 736 4366 haec
756 4299 797 4366 ad
814 4300 1001 4368 Ciceronem
1018 4306 1176 4384 spectare.
1209 4298 1325 4364 Liceat
1339 4298 1417 4363 mihi

347 4505 375 4579 l)
392 4507 598 4581 Weiasacclrer,
618 4511 719 4583 Lagus,
739 4510 870 4566 Buresoh.
