3292 5070
185 1331 192 1350 ⁸
297 1342 392 1417 Cave,
415 1359 455 1406 ne
478 1341 556 1406 illud
582 1342 704 1424 2,γλαῦκ’
728 1339 769 1410 εἰς
793 1335 947 1422 ’nealal
971 1338 1012 1403 ad
1028 1343 1061 1403 te
1083 1339 1247 1418 pertineat
1270 1339 1348 1405 scri-

211 1444 339 1510 bentem
356 1445 396 1509 de
414 1444 633 1526 conjuratione
646 1445 814 1525 Catilinae,
832 1443 949 1508 dixerit
962 1441 1130 1522 quispiam.
1165 1442 1349 1508 Innumera-

208 1548 290 1615 biles
313 1551 396 1614 enim
425 1549 484 1614 viri
508 1549 594 1614 docti
618 1549 691 1614 huic
714 1547 849 1613 facinori
875 1547 1071 1627 explorando
1095 1564 1226 1626 operam
1249 1546 1347 1611 dede·

209 1660 294 1732 runt,
317 1652 410 1717 multi
433 1653 466 1716 in
491 1650 633 1717 fontibus
657 1651 888 1732 investigandis
904 1650 1129 1730 sagacissimos
1152 1669 1187 1716 se
1210 1650 1348 1732 praesti-

208 1762 329 1838 terunt,
352 1755 410 1821 sed
434 1761 470 1821 ut
493 1755 695 1840 grammatici
719 1755 759 1820 de
783 1756 844 1819 hae
862 1773 898 1820 re
914 1754 1090 1819 sescenties
1105 1759 1248 1820 tractata
1262 1755 1349 1820 inter

210 1880 246 1927 se
262 1863 473 1943 consentiant,
499 1867 626 1926 tantum
651 1860 744 1926 abest
766 1865 802 1926 ut
821 1859 924 1925 adhuc
946 1859 1127 1940 subjudice
1142 1860 1182 1925 lis
1197 1861 1248 1925 sit.
1284 1860 1348 1925 Ne·

209 1983 269 2046 que
291 1965 408 2029 mirum
419 1963 556 2046 videtur,
579 1964 793 2029 recentiorum
812 1963 992 2028 sententias
1008 1962 1154 2028 diversas
1170 1982 1252 2041 esse,
1277 1982 1349 2029 cum
1368 2017 1376 2032 .

209 2088 249 2134 ne
273 2075 400 2134 veteres
423 2069 550 2149 quidem
573 2068 721 2134 historici
744 2067 784 2132 de
799 2067 999 2150 gravissimis
1015 2065 1112 2132 rebus
1127 2067 1240 2134 eadem
1254 2067 1348 2135 nobis

209 2174 351 2239 tradant.
381 2208 413 2219 -

299 2277 450 2343 Pervenit
461 2278 501 2342 ad
514 2295 573 2342 nos
583 2277 736 2342 memoria
747 2276 1045 2357 conjurationisper
1054 2277 1349 2357 scriptoreshosce:

296 2384 500 2464 Ciceronem,
525 2382 723 2463 Sallustium,
746 2381 928 2463 Asconium,
950 2380 1117 2460 Velleium,
1139 2382 1349 2449 Plutarchum

212 2487 407 2565 Suetonium,
431 2486 571 2566 Florum,
595 2487 785 2567 Appianum,
811 2485 957 2552 Cassium
979 2486 1125 2568 Dionem,
1148 2487 1348 2569 Eutropium,

211 2592 369 2657 Orosium.
415 2592 590 2656 Praeterea
614 2591 793 2671 complures
816 2594 946 2655 autores
971 2589 1010 2654 de
1033 2588 1131 2655 rebus
1152 2590 1218 2657 illis
1241 2593 1349 2676 egisse

209 2698 337 2775 scimus,
361 2714 440 2777 quos
462 2701 643 2777 temporum
666 2695 837 2776 iniquitate
861 2693 1050 2776 absumptos
1072 2696 1226 2762 dolemus.
1257 2734 1290 2746 -

298 2801 491 2866 Nominandi
515 2806 589 2866 sunt
612 2799 768 2881 imprimis
783 2799 902 2881 Livius,
926 2800 1016 2881 cujus
1027 2799 1199 2880 periochae
1221 2807 1348 2870 tautum

211 2903 386 2970 Libitinam
408 2905 600 2982 vitaverunt,
623 2904 800 2982 Diodorus,
830 2904 920 2985 euJ'us
944 2902 1006 2968 duo
1031 2902 1215 2987 fragmenta
1237 2924 1348 2988 super-

211 3015 295 3093 sunt,
319 3010 353 3074 T.
377 3007 477 3074 Attioi
501 3008 781 3073 commmentarius
805 3009 844 3072 de
868 3008 1031 3074 Ciceronis
1054 3010 1232 3091 consulatu,
1257 3011 1347 3077 deni-

210 3132 271 3195 que
294 3113 454 3179 Tanusius
476 3112 638 3194 Geminus,
664 3112 705 3177 M.
730 3111 880 3177 Actorius
895 3111 992 3194 Naso,
1016 3131 1096 3194 quos
1118 3113 1224 3181 fontes
1247 3117 1347 3182 nomi·

208 3223 264 3283 nat
287 3217 470 3283 Suetonius.
495 3254 535 3264 —

294 3322 467 3400 Velleium,
490 3320 638 3401 Florum,
669 3319 876 3400 Eutropium,
909 3319 1058 3385 Orosium
1080 3323 1172 3403 parvi
1194 3329 1347 3392 momenti

210 3445 281 3492 esse
304 3427 419 3510 negari
440 3444 502 3490 non
526 3429 644 3506 potest.
690 3423 862 3489 Suetonius
885 3442 924 3488 ea
946 3429 1072 3489 tantum
1096 3444 1177 3507 quae
1201 3428 1243 3492 ad
1265 3429 1346 3496 Cae-

211 3549 317 3598 sarem
343 3527 550 3611 pertinebant
582 3526 674 3593 nobis
697 3528 818 3609 tradit,
852 3525 1032 3593 uberiorem
1055 3528 1195 3595 fructum
1216 3540 1348 3612 praeter

210 3635 397 3700 Ciceronem
431 3639 464 3698 et
496 3633 685 3699 Sallustium
719 3632 896 3710 Asconius,
926 3632 1139 3717 PlutarchuS,
1171 3638 1347 3724 Appianus,

209 3739 271 3804 Dio
301 3738 433 3804 Cassius
464 3736 557 3803 nobis
588 3734 746 3818 praebere
778 3734 936 3800 videntur.
982 3736 1043 3815 Qui
1073 3741 1229 3820 quomodo
1262 3742 1349 3809 inter

208 3861 244 3909 se
267 3842 427 3925 conjuncti
449 3842 530 3924 sint,
563 3842 614 3906 cui
636 3839 837 3922 potissimum
869 3838 965 3906 iidem
989 3840 1166 3914 habeamus
1189 3862 1346 3925 quaem.

208 3947 283 4012 dum
306 3951 366 4011 est.

295 4050 399 4130 Atque
422 4049 560 4129 primum
584 4047 713 4129 quidem
735 4045 814 4110 mihi
837 4046 951 4130 liceat,
981 4051 1092 4129 paucis
1115 4070 1273 4133 exponere
1297 4074 1345 4134 ea,

208 4172 290 4235 quae
315 4152 418 4218 adhuc
442 4171 461 4216 a
483 4152 561 4215 viris
585 4150 690 4215 doctis
713 4150 753 4214 de
776 4151 964 4231 quaestione
988 4159 1099 4220 nostra
1117 4157 1244 4236 prolata
1260 4165 1343 4226 sunt.

209 4258 407 4338 Quamquam
429 4255 580 4337 permulti
603 4274 733 4337 operam
758 4255 963 4322 contulerunt
985 4259 1016 4322 in
1039 4259 1121 4326 hano
1145 4281 1211 4326 rem
1236 4265 1344 4355 explo-

209 4364 359 4446 randam,
391 4362 485 4443 pauci
517 4365 643 4426 tantum
666 4361 748 4428 hanc
776 4361 945 4429 materiam
967 4368 1070 4431 totam
1092 4368 1143 4432 vel
1165 4386 1284 4454 magna
1306 4389 1345 4437 ex

207 4473 300 4551 parte
322 4469 554 4534 tractaverunt.
