3292 5070
780 407 818 484 ia

276 596 329 656 τοῦ
351 591 485 675 πλήθους
508 591 710 674 revocante·
860 588 912 674 τὴν
938 586 989 674 μὲν
1012 591 1113 674 πρᾶξιν
1137 569 1317 671 ἀννοοῢντες.

278 701 338 768 τοῖς
361 697 391 760 ἐν
410 698 505 781 ἀγορᾷ
518 694 691 781 παροδεύων
716 695 789 778 ech·
861 693 1066 780 φθεγξάμενος
1091 693 1168 777 μέγα
1199 690 1270 779 πρὸς
1294 687 1374 774 [τοὺς

235 825 325 886 μηνεν
349 803 393 864 ὅτι
415 801 562 864 τεθνᾶσιν.
817 791 1374 886 ἐνάγοροῖουνεοτῶτας]ἔζησανεῖπεν.
1432 805 1433 808 ’

278 907 306 969 οἱ
330 903 363 971 δὲ,
385 903 533 968 διελύοντο
556 905 739 989 πεφρικότες.
860 907 911 966 τοῦ
936 901 969 965 δὲ
992 904 1088 986 δήμου
1111 902 1287 991 φρίττοντος.

322 1010 385 1074 Sed
400 1010 607 1074 Bureschium
625 1009 793 1072 audiamus
817 1009 880 1089 qui,
905 1013 940 1072 nt
956 1008 1165 1088 demonstret,
1190 1007 1376 1072 Ciceronem

121 1099 124 1108 Δ
227 1115 338 1194 ipsum
363 1113 402 1177 de
418 1113 532 1177 timore
548 1132 606 1178 suo
625 1113 802 1193 Appianum
819 1113 990 1176 certiorem
1006 1110 1132 1188 iecisse,
1156 1112 1260 1198 locum
1283 1107 1378 1173 affert

235 1235 274 1280 ex
297 1217 453 1294 oratione,
476 1217 508 1280 in
533 1216 627 1281 Catil.
645 1216 699 1281 lV.
716 1220 745 1280 6.
782 1216 893 1300 ,Nunc
917 1214 1071 1304 quidquid
1095 1218 1155 1296 est,
1178 1229 1376 1295 quocumque

235 1326 364 1384 vestrae
396 1327 521 1384 mentes
551 1320 705 1384 inclinant
736 1325 832 1400 atque
856 1320 1055 1399 sententiae,
1088 1317 1294 1383 statuendum
1327 1320 1377 1380 est

238 1423 327 1488 vobis
351 1431 426 1488 ante
450 1421 606 1488 nocte'm.“
643 1423 719 1505 quid
743 1443 781 1487 ex
803 1424 863 1488 hoc
887 1424 957 1488 loco
981 1423 1088 1503 colligi
1112 1423 1243 1502 potest?
1278 1422 1377 1485 Prae·

235 1536 327 1595 terea
351 1549 477 1594 versum
501 1549 518 1593 e
542 1530 682 1595 secundo
706 1530 863 1610 poematis
887 1528 989 1607 libro,
1021 1547 1114 1608 quem
1138 1529 1261 1594 Nonius
1284 1525 1377 1592 nobis

236 1636 387 1712 servavit,
411 1654 524 1715 parom
547 1640 622 1714 apte
647 1634 797 1715 adsumit,

325 1742 442 1820 ,atque
467 1738 571 1802 animo
594 1739 737 1819 pendens
760 1737 945 1820 noctu[rna]
968 1741 1084 1802 eventa
1105 1734 1272 1800 timebat.“

326 1843 412 1925 ,Das
434 1842 538 1906 heisst
569 1841 625 1906 aui
646 1842 835 1906 Grieclrisch
858 1848 956 1905 etna:
990 1837 1039 1903 καὶ
1071 1841 1086 1902 ὁ
1110 1837 1246 1926 Κικέρων
1270 1838 1377 1911 δεδιὼς

212 1937 219 1954 ⁶
238 1943 316 2030 ἀμφὶ
338 1947 376 2030 τῇ
398 1943 477 2009 νυκτὶ
501 1944 708 2030 προσιούσῃ.“,
743 1947 874 2009 Mimine
898 1946 977 2009 haec
1000 1944 1167 2026 probanda
1191 1952 1273 2011 sont.

191 2061 193 2066 “
325 2051 466 2115 Primum
503 2052 586 2114 enim
621 2049 720 2115 uerba
750 2049 834 2129 apud
864 2048 1000 2114 Nonium
1040 2069 1102 2114 non
1131 2051 1258 2131 integra
1296 2055 1381 2130 sunt,

240 2155 355 2219 deinde
379 2156 440 2219 etsi
458 2153 567 2219 -Orelli
590 2155 806 2234 conjecturam
831 2153 1021 2233 accipimus,
1045 2157 1154 2217 tamen
1176 2153 1263 2218 nullo
1286 2153 1381 2218 modo

239 2259 406 2322 Bureschii
435 2259 596 2322 sententia
627 2255 843 2322 confirmatur.
897 2256 975 2333 Quis
1015 2257 1145 2341 credat,
1176 2261 1207 2321 in
1239 2256 1381 2322 secundo

239 2359 321 2426 libro
345 2363 503 2442 poematis
518 2369 694 2426 extremam
711 2361 964 2442 conjurationem
988 2380 1060 2426 esse
1076 2365 1263 2439 tractatam,
1286 2379 1380 2442 prae·

239 2467 350 2531 sertim
374 2485 443 2530 oum
469 2466 588 2530 multae
612 2464 732 2530 luerint
755 2483 792 2529 eo
815 2471 961 2544 tempore
984 2470 1105 2547 noctes,
1129 2484 1211 2547 quae
1233 2465 1381 2530 timorem

241 2569 386 2635 Ciceroni
410 2568 607 2650 injiciebant.
654 2570 799 2649 Denique
823 2567 953 2633 uerbum
980 2566 1134 2653 ,eventa“
1171 2569 1264 2634 docet
1286 2587 1381 2650 supe·

160 2730 170 2737 f
239 2675 356 2738 riorem
380 2679 506 2738 noctem
530 2671 706 2756 significari
729 2691 789 2736 non
815 2676 1011 2752 sequentem.
1036 2708 1077 2718 -

328 2778 416 2854 Quae
440 2779 471 2841 in
496 2779 602 2858 capite
624 2777 693 2842 Vll.
719 2776 804 2856 apud
829 2778 1007 2856 Appianum
1032 2777 1071 2841 de
1095 2776 1254 2842 Catilinae
1278 2780 1381 2840 morte

240 2882 376 2963 legimus
399 2883 516 2961 partim
547 2881 587 2944 ad
613 2880 800 2944 Sallustium
822 2880 941 2960 partim
971 2880 1011 2943 ad
1035 2880 1242 2945 Plutarchum
1266 2878 1383 2944 referri

240 2990 384 3066 possunt.
421 2985 546 3068 Viginti
568 2985 635 3049 lere
659 2984 747 3048 milia
764 2985 902 3048 militum
926 3002 996 3048 cnm
1011 2984 1150 3049 Catilina
1173 2984 1273 3049 fuisse
1297 2983 1383 3064 apud
1418 3005 1419 3008 ¹

241 3088 451 3154 Plutarchum
473 3089 505 3151 in
530 3088 635 3168 capite
651 3088 734 3153 XVI.
760 3095 876 3170 exstat,
901 3088 1061 3153 exercitus
1085 3094 1233 3172 quartam
1258 3093 1382 3153 tantum
1445 3173 1447 3178 ,

242 3198 367 3273 partem
398 3190 592 3257 militaribus
622 3194 720 3257 armis
749 3193 941 3258 instructam
973 3211 1045 3258 esse
1079 3192 1165 3272 apud
1188 3191 1384 3268 Sallustium,

243 3315 312 3377 cap.
337 3302 387 3374 56,
412 3297 566 3361 traditum
590 3302 649 3378 est,
673 3296 763 3377 cujus
786 3296 885 3361 uerba
910 3296 985 3381 ,[Q.
1011 3297 1161 3361 Metellus
1185 3293 1290 3381 Celer]
1323 3292 1383 3360 sub

242 3401 321 3482 ipsis
344 3401 506 3465 radicibus
530 3401 684 3465 montium
707 3401 871 3479 consedit,
896 3420 959 3483 qua
990 3401 1036 3464 illi
1060 3400 1234 3466 descensus
1258 3404 1329 3464 erat
1351 3399 1385 3462 in

237 3505 383 3570 Galliam
405 3506 602 3586 properanti.
648 3523 751 3586 neque
783 3512 890 3570 tamen
914 3507 1070 3571 Antonius
1100 3505 1214 3588 procul
1236 3502 1381 3569 aberat.“

242 3611 345 3674 denuo
379 3629 519 3674 errorem
545 3610 682 3690 Appiani
705 3608 850 3675 effecisse
883 3610 1033 3676 videntur
1063 3610 1217 3676 dicentia:
1250 3609 1301 3695 ,ic
1324 3606 1386 3672 Γα-

242 3712 345 3776 λατίαν
368 3711 418 3776 ἐπὶ
440 3711 532 3798 ἄλλην
557 3711 747 3798 παρασκευὴν
772 3713 911 3794 ἀπιόντα,
942 3713 1092 3786 Ἀντώνιος
1115 3716 1130 3776 ὁ
1153 3714 1252 3801 ἕτερος
1275 3713 1384 3787 ὕπατος

244 3818 290 3882 ὑπ’
314 3814 454 3890 Ἀλπείοις
476 3819 688 3905 ιιατοιλαβοίν.α
734 3821 796 3881 κτλ.
1177 3891 1183 3902 ·

329 3924 474 4004 Denique
501 3923 642 3990 affirmat
660 3924 866 4002 Bureschius,
890 3945 944 4009 pg.
958 3926 1031 4008 231,
1056 3945 1095 3991 ea
1118 3944 1200 4006 quae
1224 3924 1388 4009 depugna

243 4028 412 4094 commissa
429 4029 594 4108 Appianas
619 4034 849 4093 commemorat
871 4047 934 4094 non
958 4030 1019 4094 nisi
1043 4029 1231 4095 eCicerone
1256 4032 1384 4110 sumpta

243 4150 325 4196 esse.
370 4131 456 4195 Nihil
479 4131 644 4214 prohibet,
676 4134 843 4212 quominus
875 4134 1011 4213 Appiani
1042 4134 1238 4198 sententiam
1270 4133 1384 4199 ePlu·

242 4236 355 4300 taroho
379 4236 529 4300 haustam
553 4253 624 4301 esse
648 4235 880 4319 existimemus,
913 4237 968 4318 qui
993 4235 1182 4302 brevissime
1211 4237 1293 4301 hanc
1315 4254 1386 4301 rem

243 4339 434 4421 perstringit
473 4359 611 4405 narrans
648 4339 836 4422 plerosque,
879 4358 950 4406 cum
983 4341 1104 4406 Romae
1135 4340 1388 4422 coniurationem

243 4443 440 4524 patefactam
471 4461 541 4510 esse
565 4445 816 4528 comperissent,
850 4445 992 4527 dilapsos
1016 4464 1088 4514 esse
1123 4440 1193 4530 ,cal
1226 4440 1300 4529 μετὰ
1328 4446 1387 4508 τῶν
