3292 5070
822 421 1003 484 22.

270 600 395 665 scelera
417 602 562 680 stuprum
595 615 666 664 cnm
688 593 755 661 filia
778 594 982 662 commissum
1013 600 1047 660 31
1068 612 1181 662 necem
1204 594 1315 663 fratris
1338 594 1414 663 Plu·

271 707 404 773 tarchus
426 707 578 772 nominat.
615 704 787 770 Sallustius
810 722 881 769 enm
905 707 1053 786 stuprum
1076 722 1145 771 cum
1170 704 1340 771 sacerdote
1351 704 1415 772 Ve-

272 817 343 876 stae
375 810 493 876 iecisse
530 814 562 876 31
591 808 692 874 filium
723 826 856 874 necasse
885 808 999 874 tradit.
1053 809 1103 874 De
1131 809 1257 875 incesto
1285 807 1419 892 virginis

272 917 393 982 Vestae
417 915 606 981 CIceronem
628 914 770 981 tacuisse
794 914 1004 993 crediderim,
1034 911 1097 980 fuit
1131 914 1215 980 enim
1237 911 1340 980 Fabia
1361 915 1418 980 illa

272 1040 365 1088 soror
387 1020 559 1088 Terentiae
582 1021 692 1087 uxoris
716 1018 879 1085 Ciceronis
912 1019 965 1098 (cf.
990 1019 1095 1084 dscon
1119 1038 1173 1104 pg.
1197 1004 1257 1100 82,
1287 1017 1342 1085 ubi
1365 1020 1417 1086 Ci-

272 1145 347 1192 cero
371 1126 405 1191 in
420 1127 569 1192 oratione
591 1123 625 1190 in
648 1129 727 1210 toga
743 1123 882 1190 candida
897 1122 1011 1189 habita
1033 1122 1148 1189 scribit
1161 1123 1301 1189 haecce:
1326 1142 1418 1209 ,cum

270 1225 317 1296 113
342 1231 451 1297 vixisti
474 1235 596 1297 utnon
620 1236 709 1297 esset
731 1231 821 1296 locus
844 1235 910 1296 tam
930 1233 1072 1309 sanctus,
1096 1247 1158 1310 quo
1181 1247 1244 1294 non
1262 1229 1418 1296 adventus

273 1341 349 1402 tuus
373 1337 471 1402 etiam
496 1354 566 1401 cum
590 1335 684 1417 culpa
706 1335 794 1401 nulla
821 1333 972 1400 subesset
994 1333 1114 1399 crimen
1132 1331 1292 1398 afferret.“
1319 1333 1420 1398 adicit
1455 1391 1456 1394 ,

274 1442 433 1508 Asconius
458 1441 581 1524 ,itaet
605 1440 831 1523 suispepercit
855 1444 888 1505 31
910 1439 1011 1505 nihilo
1034 1437 1135 1504 levius
1150 1436 1278 1503 inimico
1302 1438 1417 1525 summi

273 1544 440 1627 obprobrii
463 1544 696 1626 turpitudinem
720 1542 885 1629 objecit.“)
925 1541 1072 1608 Perbene
1094 1542 1143 1607 uti
1165 1559 1335 1623 possumus
1356 1542 1417 1608 hoc

274 1655 462 1731 argumento
487 1668 504 1714 e
528 1649 658 1714 silentio
669 1699 679 1728 ,.
701 1650 772 1730 quis
795 1648 879 1714 enim
902 1648 1032 1726 credat,
1062 1645 1206 1714 futurum
1229 1645 1345 1727 fuisse,
1379 1651 1417 1713 ut

273 1753 467 1819 Plutarchus
490 1759 614 1820 tantum
638 1754 763 1819 lacinus
786 1753 970 1831 omitteret,
1004 1751 1033 1818 si
1055 1752 1115 1818 hoc
1138 1752 1208 1817 loco
1231 1749 1418 1817 Sallustium

278 1859 521 1940 excerpsisset?
556 1858 596 1924 cf.
620 1863 793 1942 praeterea
815 1857 915 1924 verba
939 1857 1104 1924 Ciceronis
1131 1874 1222 1938 „oum
1246 1875 1286 1922 ex
1308 1856 1422 1922 eodem

274 1969 386 2045 stupro
409 1962 471 2029 tibi
494 1968 527 2028 31
548 1982 681 2029 uxorem
705 1970 738 2029 et
760 1961 860 2029 filiam
882 1960 1054 2029 Invenisti“
1079 1960 1184 2046 (ibid.)

359 2067 453 2134 Unde
477 2069 670 2135 Plutarchus
692 2068 911 2134 narrationem
942 2067 981 2132 de
1011 2065 1114 2132 fratre
1144 2064 1317 2133 interfecto
1339 2065 1417 2132 hau·

274 2172 364 2257 serit,
389 2192 483 2255 quam
506 2174 539 2237 in
554 2174 662 2239 Sullae
679 2191 804 2255 quoqne
826 2173 912 2238 vitae
929 2172 1035 2254 capite
1051 2171 1175 2236 XXXII
1196 2172 1331 2254 profert,
1354 2168 1419 2236 dici

274 2297 337 2345 non
360 2282 478 2360 potest,
502 2277 565 2344 nisi
587 2278 743 2358 sumitur,
774 2277 981 2344 Plutarchum
1005 2277 1041 2355 Q.
1067 2276 1261 2356 Caecilium,
1295 2277 1416 2343 sororis

279 2383 440 2448 Catilinae
462 2382 575 2462 virum,
600 2379 793 2468 significare,
817 2400 911 2464 quem
934 2401 954 2447 a
977 2380 1120 2447 Catilina
1132 2380 1271 2447 Sullanis
1293 2384 1417 2462 tempo-

274 2487 364 2554 ribus
386 2487 584 2555 trucidatum
608 2506 679 2554 3333
701 2487 829 2554 solmus.
872 2484 911 2552 cf.
935 2487 1042 2552 Ascon
1063 2505 1119 2572 pg.
1144 2491 1205 2570 75,
1235 2490 1269 2552 et
1292 2485 1327 2564 Q.
1352 2485 1417 2553 Cic.

276 2593 317 2658 de
339 2596 405 2675 pet.
430 2593 551 2658 consul.
576 2593 593 2676 S
617 2597 646 2658 9.

365 2695 453 2774 Quae
477 2696 516 2762 de
532 2695 655 2762 nefario
677 2695 733 2762 1113
754 2697 827 2777 jnre
848 2693 986 2777 jurando
1011 2693 1096 2776 apud
1106 2694 1316 2761 Plutarchum
1338 2695 1417 2778 legi·

276 2819 347 2867 mus
377 2801 563 2883 discrepant
592 2820 663 2867 cum
695 2800 868 2882 Sallustio,
902 2799 941 2866 cf.
974 2799 1052 2865 Sall.
1077 2797 1172 2863 Catil.
1195 2798 1296 2863 XXII.
1325 2804 1418 2863 1-4,

280 2906 405 2990 ,Fuere
428 2925 467 2972 ea
489 2910 685 2988 tempestate
709 2905 764 2987 qui
786 2905 932 2970 dicerent
955 2903 1128 2969 Catilinam
1153 2951 1233 2986 ....,
1258 2921 1351 2983 quom
1375 2903 1417 2969 ad

272 3010 500 3093 jusjurandum
521 3012 686 3094 popularis
710 3010 842 3078 sceleris
865 3010 915 3076 sui
937 3009 1099 3091 adigeret,
1122 3007 1254 3073 humani
1276 3009 1419 3091 corporis

275 3115 465 3200 sanguinem
488 3115 560 3181 vlno
584 3115 777 3196 permixtum
799 3115 833 3179 in
854 3112 978 3196 pateris
995 3111 1230 3177 clrcumtulisse
1245 3161 1252 3176 .
1266 3163 1272 3178 .
1288 3161 1317 3177 ..
1340 3131 1418 3178 non-

275 3223 354 3288 nulli
385 3221 462 3289 ficta
491 3229 525 3288 et
547 3222 627 3288 haec
661 3228 696 3290 31
723 3222 826 3289 multa
847 3226 1020 3304 praeterea
1044 3216 1282 3285 existumabant
1304 3217 1345 3286 ab
1368 3220 1418 3300 iis,

277 3327 331 3407 qui
354 3325 520 3394 CIceronis
543 3327 706 3409 Invidiam,
731 3345 813 3409 quae
836 3331 950 3409 postea
981 3328 1053 3390 orta
1086 3329 1155 3402 est,
1189 3322 1419 3391 1331313313-

274 3430 354 3497 bant
378 3430 553 3497 atrocitate
576 3431 711 3497 sceleris
743 3449 854 3497 eorum
884 3431 938 3511 qui
960 3447 1081 3510 poenas
1105 3427 1272 3494 dederant.
1318 3427 1419 3496 Nobis

275 3555 334 3620 pro
366 3535 587 3618 magnitudine
610 3555 649 3602 ea
682 3553 872 3619 resparum
896 3531 1166 3615 333133113331.α
1213 3532 1311 3614 Cujus
1342 3552 1418 3600 vero

273 3639 446 3723 plurtmum
470 3641 649 3721 intererat,
679 3645 716 3706 ut
738 3639 924 3705 Ciceronem
948 3637 1067 3702 invidia
1090 3635 1272 3703 llberaret?
1294 3636 1420 3702 scilicet

278 3745 442 3812 Ciceronis
465 3745 567 3826 ipsine
591 3751 625 3812 31
648 3745 833 3824 amicorum,
857 3741 1002 3827 profecto
1016 3740 1190 3807 Sallustius
1212 3739 1332 3806 fontem
1345 3741 1419 3806 Plu-

275 3850 381 3918 tarchi
413 3849 556 3916 indicare
588 3849 682 3916 noble
705 3849 849 3929 videtur,
882 3847 1029 3913 Ciceroni
1059 3847 1122 3927 ipsi
1155 3843 1209 3928 qui
1242 3845 1337 3928 hujus
1371 3845 1419 3911 rei

276 3970 435 4034 nusquam
457 3953 652 4019 mentionem
682 3952 762 4018 13311
792 3951 891 4018 verba
921 3951 980 4015 illa
1011 3968 1073 4015 non
1096 3947 1269 4014 tribuenda
1292 3965 1418 4032 censeo,

279 4057 337 4124 sed
360 4055 438 4121 nihil
461 4055 606 4138 Impedit,
629 4057 796 4138 quominus
821 4057 882 4120 hoc
906 4055 976 4121 loco
992 4053 1141 4120 Tironem
1167 4052 1288 4118 fontem
1320 4050 1420 4119 inisse

276 4163 503 4230 existimemus.
551 4162 639 4240 Quae
672 4161 757 4243 apud
780 4158 971 4227 Sallustium
994 4177 1139 4226 rumores
1172 4163 1249 4225 sunt
1287 4163 1321 4222 et
1353 4158 1420 4240 opi·

274 4269 395 4348 niones,
420 4266 612 4334 Plutarchus
642 4265 731 4333 facta
762 4285 833 4333 esse
861 4269 992 4349 narrat,
1024 4265 1099 4346 quin
1132 4263 1231 4329 etiam
1254 4262 1422 4344 conjurati

278 4392 342 4439 non
365 4371 550 4454 sanguinem
574 4370 696 4438 bibisse
720 4371 778 4438 sed
801 4389 931 4437 carnem
955 4375 1103 4452 gustasse
1127 4368 1286 4433 dicuntur.
1312 4404 1351 4412 -

363 4477 499 4544 Praeter
522 4476 688 4546 Etruriam
712 4476 852 4546 Calliam
875 4473 1074 4557 Cisalpinam
1105 4491 1143 4539 eo
1166 4476 1312 4556 tempore
1335 4469 1423 4539 solli-
