3292 5070
822 409 861 469 16

272 577 377 642 locum
400 576 548 642 consules
572 575 673 642 creati
705 581 780 642 sunt
803 577 870 660 (pg.
897 575 961 662 66).
1006 579 1082 644 Fuit
1110 581 1217 662 opinio
1241 581 1414 647 Catilinam

273 685 306 745 et
329 680 477 746 Pisonem
502 682 689 762 conjurasse
712 681 752 745 ad
777 682 909 746 caedem
932 687 1064 748 senatus
1087 682 1283 768 faciendam,
1317 686 1414 751 Cotta

274 790 307 851 01
319 785 482 866 Torquato
507 782 700 863 consulibus,
725 803 860 866 eamque
876 786 1010 850 caedem
1025 786 1098 853 ideo
1114 808 1177 854 non
1195 809 1267 856 esse
1283 790 1414 873 iactam,

266 881 355 972 'quod
383 889 472 971 prius
504 908 599 970 quam
630 889 738 971 parati
773 896 883 955 essent
914 891 1091 971 conjuratis
1118 895 1243 975 signum
1271 895 1415 961 dedisset

272 992 421 1058 Catilina.
465 989 541 1058 Piso
572 1012 592 1057 a
623 997 738 1058 senatu
769 1013 829 1075 per
857 993 1010 1059 honorem
1041 998 1212 1078 legationis
1240 1000 1273 1063 in
1297 1000 1414 1082 Hispa-

274 1097 359 1162 niam
382 1097 510 1179 missus,
534 1101 571 1162 ut
595 1095 636 1163 ab
658 1095 738 1162 urbe
761 1097 987 1182 ablegaretur,
1019 1101 1143 1167 occisus
1167 1109 1218 1168 est
1240 1123 1260 1167 a
1282 1103 1415 1186 Pompei

273 1199 454 1282 clientibus,
479 1206 517 1266 ut
543 1202 672 1282 quidam
696 1200 882 1284 credebant,
907 1193 1093 1270 non'inrito
1105 1205 1256 1288 Pompeio
1279 1207 1358 1292 (83).
1372 1243 1414 1256 -

359 1304 396 1369 11
428 1305 584 1386 petitione
617 1305 801 1371 consulatus
824 1325 879 1370 sex
903 1308 1131 1389 competitores
1155 1309 1267 1375 Cicero
1291 1310 1414 1391 habuit,

276 1407 390 1476 Cicero
414 1410 502 1475 solus
525 1427 564 1474 011
580 1410 723 1491 equestri
742 1410 812 1476 loco
835 1417 930 1477 natus
953 1413 984 1477 in
1007 1413 1164 1494 petitione
1186 1421 1310 1496 patrem
1335 1415 1415 1480 ami-

274 1513 327 1580 sit.
375 1513 483 1580 Ceteri
507 1514 735 1596 competitores
757 1515 903 1584 modeste
927 1535 962 1581 se
986 1537 1126 1598 gessere,
1155 1519 1190 1596 Q.
1216 1519 1414 1600 Cornificius,

272 1619 308 1683 P.
342 1618 500 1700 Sulpicius
536 1618 663 1702 Galba,
698 1619 731 1685 C.
753 1619 896 1685 Licinius
928 1620 1087 1688 Sacerdos
1117 1624 1176 1688 viri
1208 1623 1281 1689 boni
1309 1630 1413 1708 erant,

272 1724 308 1788 L.
331 1723 463 1789 Cassius
485 1723 668 1807 Longinus,
698 1730 813 1805 postea
837 1725 995 1791 Catilinae
1018 1728 1143 1806 socius,
1177 1729 1315 1794 stolidus
1345 1735 1413 1795 tum

272 1827 377 1912 magis
401 1846 496 1909 quam
512 1825 676 1908 improbus
692 1825 871 1892 videbatur.
907 1828 1047 1894 Catilina
1071 1836 1103 1895 et
1120 1832 1276 1897 Antonius
1299 1836 1414 1897 coeunt

273 1938 386 1997 contra
410 1931 595 1997 Ciceronem
630 1930 833 2012 adJutoribus
863 1933 915 1997 usi
943 1932 1134 2000 firmissimis
1166 1936 1207 2001 M.
1233 1935 1350 2001 Crasso
1381 1941 1414 2002 et

275 2035 425 2101 Caesare.
460 2035 621 2102 Catilinae
644 2041 678 2100 et
700 2035 818 2100 Antoni
842 2037 979 2102 audacia
1000 2037 1032 2101 in
1057 2035 1127 2102 dies
1143 2037 1323 2120 augebatur
1345 2057 1412 2104 am-

273 2139 361 2206 bitus
384 2138 526 2218 licentia,
551 2140 597 2204 ita
620 2145 657 2205 ut
679 2147 812 2205 senatus
836 2146 1003 2222 censeret,
1027 2145 1063 2206 ut
1082 2142 1134 2206 lex
1157 2141 1296 2206 ambitus
1320 2147 1416 2208 aucta

272 2245 370 2312 etiam
394 2263 464 2310 cnm
488 2263 591 2325 poena
606 2243 756 2326 terretur,
780 2246 831 2310 cui
853 2244 1039 2310 intercessit
1056 2244 1093 2322 Q.
1107 2245 1232 2312 Mucius
1245 2247 1415 2312 Orestinus

272 2349 420 2417 tribunus
442 2349 555 2432 plebis.
591 2349 727 2414 Crassus
752 2355 785 2415 01
819 2350 940 2415 Caesar
964 2350 1111 2415 acerrimi
1142 2357 1175 2415 et
1196 2351 1412 2433 potentissimi

273 2455 437 2521 Ciceronis
460 2453 680 2539 refragatores
710 2453 857 2534 fuerunt,
893 2453 977 2534 quod
1001 2453 1115 2519 Cicero
1149 2455 1180 2517 in
1213 2455 1411 2536 expositione

273 2560 477 2625 consiliorum
494 2576 625 2623 snorum
639 2554 809 2639 significat.
844 2557 923 2638 Ejus
936 2575 1060 2638 quoque
1076 2558 1306 2638 conjurationis
1330 2577 1412 2641 quae

273 2663 370 2729 Cotta
392 2668 426 2727 et
438 2663 600 2744 Torquato
623 2659 808 2726 consulibus
830 2659 919 2726 facta
943 2666 993 2726 est
1016 2661 1190 2727 aCatilina
1206 2663 1247 2727 M.
1261 2663 1413 2729 Crassum

273 2772 419 2833 autorem
449 2765 549 2831 inisse
579 2767 688 2850 arguit
710 2767 776 2847 (pg.
801 2769 869 2845 74).
915 2764 1079 2830 Ciceronis
1103 2767 1241 2832 orationi
1269 2767 1302 2830 in
1332 2772 1412 2852 toga

273 2870 412 2937 candida
434 2869 567 2936 habitae
589 2869 827 2950 responderunt
848 2871 1079 2935 contumeliose
1103 2869 1243 2936 Catilina
1267 2873 1412 2936 011110-

272 2976 354 3055 nius,
377 2974 566 3041 ferebantur
581 2992 706 3056 quoque
719 2975 892 3054 orationes,
916 2975 1057 3056 scriptae
1075 2976 1269 3042 aCiceronis
1285 2975 1412 3042 obtrec-

272 3078 444 3158 tatoribus,
468 3098 576 3144 eorum
600 3079 726 3145 nomine
751 3079 868 3144 editae.
905 3079 1016 3145 Cicero
1041 3081 1151 3146 consul
1175 3082 1312 3147 omnium
1337 3100 1411 3147 con·

272 3203 369 3250 sensu
391 3183 495 3249 tactus
519 3188 579 3267 est,
603 3185 759 3249 Antonius
782 3184 928 3265 pauculis
951 3185 1106 3250 centuriis
1123 3185 1294 3250 Catilinam
1317 3205 1411 3268 supe-

275 3287 361 3352 rarit
384 3287 452 3372 (pg.
476 3288 542 3368 84).
578 3286 692 3352 010010
717 3286 828 3351 Clodio
851 3286 1026 3351 amicitiam
1039 3288 1199 3354 Catilinae
1221 3287 1329 3367 obicit,
1353 3288 1414 3354 fuit

274 3392 360 3458 enim
389 3392 512 3475 opinio,
544 3390 689 3457 Clodium
713 3389 886 3455 Catilinam
916 3391 956 3454 ad
980 3391 1134 3457 Manlium
1158 3392 1413 3474 proficiscentem

274 3495 426 3578 subsequi
437 3496 586 3572 voluisse,
603 3495 660 3561 sed
672 3493 794 3560 mulato
811 3494 943 3559 consilio
955 3494 988 3560 in
1001 3495 1113 3561 urbem
1123 3495 1259 3561 rediisse
1274 3499 1338 3578 (pg.
1345 3495 1412 3580 44).

253 3665 256 3674 λ
274 3601 387 3666 010110
404 3607 520 3682 quarta
541 3600 573 3665 in
591 3599 764 3665 Catilinam
786 3596 900 3663 habita
924 3604 975 3665 est
998 3599 1050 3664 die
1066 3600 1316 3665 octavodecimo
1338 3604 1413 3682 post

274 3703 394 3769 iactum
408 3703 439 3768 S.
454 3702 488 3768 C.
512 3707 547 3768 ut
570 3702 718 3768 viderent
740 3701 897 3783 consules,
919 3721 959 3766 ne
982 3703 1058 3784 quid
1085 3701 1290 3783 respublica
1313 3701 1413 3768 detri-

273 3807 375 3872 menti
394 3811 534 3888 caperet.
560 3841 596 3852 -
622 3805 733 3872 Cicero
756 3803 868 3870 abiens
890 3807 1102 3888 magistratu,
1133 3825 1202 3870 cum
1238 3806 1411 3871 aMetellc

273 3909 404 3976 tribuno
426 3907 532 3993 plebis
554 3907 781 3991 prohiberetur
794 3909 974 3974 contionari
996 3909 1037 3976 de
1060 3908 1157 3975 robus
1181 3927 1260 3990 quas
1280 3909 1313 3973 11
1336 3928 1412 3975 001·

275 4015 383 4081 sulatu
405 4019 570 4097 gesserat,
598 4013 721 4095 iuravit
743 4031 802 4078 sua
824 4013 918 4079 unius
941 4032 1040 4095 opera
1062 4032 1132 4079 rem
1153 4011 1317 4094 publicam
1340 4032 1412 4080 esse

275 4121 407 4187 salvam.
430 4155 473 4168 —

364 4225 467 4308 Saepo
484 4225 639 4290 Asconius
651 4221 759 4289 fontes
774 4223 927 4302 nominat,
950 4241 989 4290 ox
1012 4221 1128 4306 quibus
1143 4223 1261 4300 bausit,
1282 4229 1414 4306 praeter

275 4329 441 4398 Ciceronis
471 4331 635 4395 orationes
655 4326 842 4412 'diligenter
872 4329 1012 4409 inspexit
1035 4330 1280 4394 commentarios
1304 4328 1413 4393 defen-

275 4435 400 4504 sionum
423 4438 456 4500 et
479 4434 710 4517 expositionem
724 4431 930 4500 consiliorum
953 4431 1020 4518 (pg.
1038 4437 1090 4513 78,
1107 4431 1172 4518 74),
1196 4431 1312 4500 Τ11010
1333 4450 1412 4513 quo·
