3292 5070
784 417 803 478 ‘l

225 607 297 654 men
327 589 421 670 plane
455 587 540 669 apud
573 604 643 653 eum
675 587 912 654 desiderantur.
937 623 978 635 —
1003 588 1088 665 Quot
1119 587 1179 652 viri
1213 589 1263 651 tot
1292 603 1364 651 sen-

229 692 361 758 tentiae.
396 729 434 740 -
461 693 567 770 Quare
597 677 772 774 concedes,
810 691 1031 772 quaestionem
1064 692 1252 757 movendam
1283 708 1365 769 esse,

229 797 384 877 quomodo
416 798 502 863 inter
523 815 559 863 se
583 797 744 877 conjuncti
767 797 834 861 sint
855 802 1006 880 autores,
1039 796 1154 878 quibua
1176 795 1365 861 relationem

229 899 268 966 de
291 901 510 983 conjuratione
533 900 692 968 Catilinae
715 899 918 983 debemus1).
943 937 980 948 α

654 1099 938 1185 Sallustius.

313 1228 363 1294 De
395 1228 528 1295 Sallusti
563 1231 737 1297 autoritate
772 1238 806 1296 et
839 1231 902 1296 lide
936 1229 1067 1296 uberius
1108 1229 1269 1294 disserere
1302 1248 1364 1295 non

227 1349 332 1397 meum
356 1337 420 1416 est,
453 1335 534 1399 satis
558 1353 717 1417 superque
740 1336 800 1400 viri
824 1336 911 1401 docti
934 1334 1243 1414 demonstraverunt,
1267 1351 1365 1414 saepe

228 1452 298 1501 eum
323 1455 341 1500 a
364 1437 502 1504 veritate
525 1437 716 1523 abhorrere,
747 1441 921 1522 praecipue
944 1439 1088 1504 ordinem
1121 1443 1300 1517 temporum
1324 1436 1365 1502 ab

227 1555 264 1602 eo
297 1557 359 1602 non
389 1558 517 1621 semper
548 1550 710 1608 servatum
744 1561 826 1608 esse.
873 1543 1072 1623 Quamquam
1103 1540 1164 1606 sibi
1187 1542 1364 1624 proposuit,

227 1641 368 1708 scribere
392 1645 432 1710 de
445 1646 665 1727 conjuratione
678 1667 794 1731 „quam
812 1647 1020 1730 verissume“,
1043 1652 1151 1711 tamen
1164 1646 1279 1729 negari
1301 1664 1364 1711 non
1464 1651 1469 1660 '

226 1752 344 1829 potest,
369 1749 398 1813 ei
415 1751 548 1815 amicam
564 1751 733 1816 veritatem
747 1753 853 1834 magis
870 1753 1005 1819 amioum
1023 1751 1195 1816 Caesarem
1218 1749 1363 1832 fuisse2).

227 1851 342 1932 Itaque
364 1851 511 1918 omnibus
534 1854 655 1920 viribus
677 1873 809 1936 operam
833 1856 940 1933 dedit,
970 1860 1007 1920 ut
1030 1855 1203 1920 Caesarem
1226 1851 1267 1918 ab
1291 1855 1365 1920 odio

228 1956 455 2037 conjurationis
478 1958 687 2024 Catilinariae
711 1959 878 2024 liberaret.

315 2059 396 2138 Quin
420 2062 517 2126 etiarn
540 2064 686 2129 consulto
716 2082 786 2129 eum
811 2064 982 2128 veritatem
1005 2061 1196 2128 obscurasse
1219 2068 1365 2144 apparet,

228 2167 256 2230 si
279 2163 486 2231 conferuntur
509 2186 565 2249 ea,
599 2185 680 2248 quae
705 2168 745 2232 de
774 2167 876 2248 ipsius
899 2165 1042 2231 moribus
1065 2169 1161 2247 atque
1184 2166 1250 2231 vita
1272 2165 1365 2232 nobis

225 2277 339 2336 narrat
371 2289 442 2336 oum
474 2272 530 2354 iis,
565 2291 646 2353 quae
670 2272 754 2353 apud
791 2276 916 2336 ceteros
948 2271 1124 2352 scriptores
1151 2270 1364 2336 inveniuntur.

226 2373 274 2439 Ne
296 2392 373 2440 vero
397 2376 522 2459 credas,
551 2395 664 2456 parum
687 2395 737 2441 me
761 2376 913 2442 Sallustio
936 2374 1096 2454 tribuere,
1128 2393 1222 2456 quem
1246 2375 1364 2440 deduc-

226 2478 268 2544 tis
292 2479 488 2545 deducendis
512 2486 628 2546 testem
652 2481 738 2546 haud
763 2479 978 2561 spernendum
1001 2497 1073 2544 esse
1097 2479 1264 2557 contendo,
1292 2497 1364 2560 quo,

227 2583 254 2648 si
277 2592 370 2649 caute
394 2605 466 2650 eum
488 2586 634 2666 legimus,
657 2584 799 2666 perbene
823 2585 870 2650 uti
894 2601 1063 2664 possumus
1085 2583 1117 2647 in
1142 2583 1362 2663 examinanda,

227 2689 415 2770 supplenda,
439 2690 638 2754 emendanda
663 2689 827 2756 Ciceronis
849 2689 1018 2754 relatione.

707 2885 895 2972 Cicero.

310 3015 359 3081 Ne
390 3016 502 3082 Cicero
536 3018 664 3098 quidem
710 3025 836 3085 tantum
868 3019 1006 3084 fructum
1035 3015 1172 3098 praebet
1199 3017 1364 3101 historico,

226 3126 379 3202 quantum
402 3121 542 3188 fortasse
572 3124 684 3189 credat
715 3125 890 3206 quispiam,
923 3123 986 3188 etsi
1009 3122 1199 3203 saepissime
1221 3121 1366 3189 facinora

224 3242 284 3290 sua
315 3224 464 3292 laudibus
494 3227 630 3310 extulit,
663 3227 703 3294 cf.
734 3227 901 3294 Plutarchi
930 3227 984 3292 vit.
1017 3226 1180 3292 Ciceronis
1211 3245 1279 3308 cap.
1306 3231 1363 3293 24:

226 3330 366 3414 2,πολλοῖς
390 3329 579 3415 δ’ἐπίφθονον
603 3330 707 3396 ἑαυτὸν
731 3331 870 3416 ἐποίησεν
894 3331 944 3394 ἀπ’
967 3328 1086 3401 οὐδενὸς
1109 3328 1197 3414 ἔργου
1221 3334 1361 3416 πονηροῦ,

226 3441 269 3519 τῷ
307 3435 333 3496 δ’
375 3433 503 3499 ἐπαινεῖν
537 3434 584 3498 ἀεὶ
614 3434 664 3499 καὶ
696 3435 868 3520 μεγαλύνειν
899 3433 986 3506 αὐτὸς
1019 3432 1123 3498 ἑαυτὸν
1158 3433 1213 3497 ὑπὸ
1245 3437 1363 3499 πολλῶν

225 3541 498 3625 δυσχεραινόμενος.
546 3539 623 3606 Οὔτε
649 3540 706 3626 γὰρ
732 3541 840 3628 βουλὴν
868 3541 936 3604 οὔτε
959 3543 1053 3625 δῆμον
1087 3537 1154 3603 οὔτε
1176 3542 1364 3628 δικαστήριον

223 3643 259 3729 ἧν
290 3644 459 3725 συνελθεῖν,
490 3646 521 3710 ἐν
548 3639 572 3732 ᾧ
598 3645 638 3731 μὴ
662 3643 823 3711 Κατιλίναν
847 3643 908 3707 ἔδει
931 3642 1131 3729 θρυλούμενον
1155 3643 1281 3708 ἀκοῦσαι
1311 3645 1364 3709 καὶ

224 3747 380 3813 Λέντλον.“
436 3751 482 3816 Ut
515 3751 679 3830 omittam,
709 3752 792 3833 quod
827 3749 985 3816 Catilinae
1016 3749 1253 3816 inimicissimus
1290 3750 1362 3837 fuit,

224 3871 385 3935 nunquam
416 3857 500 3934 apud
534 3874 607 3920 eum
629 3860 730 3920 totam
755 3853 1006 3934 conjurationem
1037 3858 1193 3933 perpetua
1224 3860 1257 3918 et
1287 3873 1361 3920 con·

223 3957 313 4022 tinua
338 3959 521 4023 narratione
544 3963 720 4024 tractatam
742 3959 899 4042 legimus,
930 3957 1024 4020 modo
1056 3955 1129 4020 hinc
1159 3958 1252 4022 modo
1273 3959 1363 4027 illinc

224 4062 374 4127 nonnulla
398 4063 553 4129 sumenda
575 4070 659 4146 sunt,
683 4064 785 4128 multa
804 4062 929 4126 omnino
952 4061 1265 4142 praetermittuntur,
1289 4065 1365 4146 quin

297 4203 323 4266 1)
342 4201 517 4272 Eugenium:
537 4202 647 4256 Unters.
666 4203 736 4256 iiber
754 4205 822 4256 rom.
838 4200 938 4255 Gesoh.
952 4199 974 4254 I.
994 4198 1121 4269 Regiom.
1139 4201 1205 4256 1854
1225 4204 1254 4258 et
1266 4202 1361 4273 Haup-

224 4289 304 4354 tium‚
322 4288 424 4344 Philol.
443 4289 475 4343 dl
497 4308 544 4361 pg.
566 4292 616 4345 118
636 4293 779 4346 nominare
797 4291 866 4345 satis
884 4290 983 4344 habeo.

295 4378 323 4448 2)
342 4379 373 4434 ll.
391 4380 478 4436 John:
509 4380 560 4437 Die
580 4380 933 4451 Entstehuugsgesohichte
962 4379 1011 4434 der
1038 4378 1272 4435 Catilinarischen
1292 4379 1361 4436 Ver·

224 4467 401 4539 schwdrung,
420 4468 455 4524 N.
473 4469 570 4525 Jahrb.
592 4470 637 4524 lllr
656 4469 759 4526 Philol.
778 4469 876 4540 Suppl.
896 4468 975 4524 Neue
995 4467 1080 4538 Folge
1100 4468 1149 4523 Bd.
1169 4467 1185 4524 8
1203 4485 1249 4539 pg.
1270 4467 1360 4526 809ss
