3292 5070
794 417 834 479 39

238 583 309 666 quis
326 584 410 650 enim
434 585 547 652 credat
569 590 635 652 tam
655 585 844 668 diligentem
866 586 968 654 luisse
981 588 1159 670 Appianum
1184 588 1216 654 in
1239 565 1382 662 fontibus

238 687 455 769 inspiciendis,
478 695 515 755 ut
537 691 676 772 undique
697 692 866 756 materiam
891 691 1106 776 congereret?
1141 690 1190 757 Ab
1213 695 1382 764 unaCice·

237 791 326 856 ronis
348 794 414 858 vita
437 794 786 875 auxilium-petendum
810 800 869 860 est.
904 796 1100 862 Bureschius
1124 798 1380 866 contraWiede·

236 916 388 964 mannum
410 898 632 964 demonstrare
656 905 789 965 conatus
813 905 874 983 est,
897 920 952 984 pg.
970 905 1042 979 229,
1066 901 1230 968 Ciceronis
1245 903 1378 986 hypom-

238 1020 331 1068 nema
355 1002 498 1084 Appiano
531 1021 656 1084 quoque
688 1004 720 1068 in
744 1004 891 1069 manibus
914 1005 1023 1071 fuisse.
1067 1005 1195 1072 Dixerit
1218 1008 1377 1090 quispiam

238 1125 298 1173 non
321 1107 427 1188 magni
450 1108 601 1172 momenti
625 1126 708 1191 esse,
731 1114 838 1173 utrurn
862 1127 879 1172 e
903 1108 1057 1174 Cicerone
1080 1109 1149 1190 ipso
1173 1129 1213 1175 an
1245 1130 1283 1176 ex
1307 1113 1376 1196 ejus

237 1211 427 1293 excerptore
441 1213 603 1292 Appianas
619 1211 775 1289 hauserit,
799 1215 942 1276 attamen
960 1213 1105 1293 quaestio
1122 1213 1203 1278 haec
1218 1216 1375 1282 movenda

236 1316 373 1398 videtur,
387 1315 500 1381 namsi
514 1316 667 1380 Cicerone
680 1317 749 1396 ipso
762 1318 927 1398 Appianus
939 1335 1017 1382 usus
1029 1320 1089 1396 est,
1108 1335 1239 1398 eaquae
1251 1319 1376 1400 profert

235 1421 322 1486 haud
337 1422 427 1502 parvi
443 1421 646 1486 aestimanda
662 1425 745 1498 sunt,
770 1438 863 1502 quae,
889 1421 917 1485 si
928 1420 1104 1486 Plutarcho
1120 1421 1288 1502 debentur,
1312 1444 1375 1490 non

236 1523 327 1591 flocci
348 1524 455 1589 facere
477 1543 536 1589 nos
558 1529 696 1606 oportet.

324 1628 433 1695 Verba
464 1629 609 1711 Appiani.
655 1627 783 1714 Ἐμφυλ.
806 1629 847 1696 II.
881 1647 950 1709 cap.
976 1634 1004 1693 6.
1058 1627 1165 1713 ,Γάιός
1195 1653 1227 1693 τε
1256 1629 1376 1719 Καῖσαρ

239 1734 273 1797 οὑ
296 1733 474 1819 καθαρεύων
499 1731 549 1818 μέν
574 1732 712 1804 ὑπονοίας
736 1731 777 1816 μὴ
802 1732 1015 1815 συνεγνωκέναι
1038 1733 1097 1804 τοῖς
1120 1733 1254 1819 ἀνδράσι,
1283 1733 1376 1799 Κικέ-

236 1863 329 1925 ρωνος
352 1838 379 1901 δ’
402 1839 436 1901 οὑ
460 1839 640 1923 θαρροῦντος
661 1837 712 1900 καί
733 1839 817 1902 τόνδε
834 1836 1070 1922 ὑπεραρέσκοντα
1092 1841 1135 1923 τῷ
1152 1841 1250 1926 δίγμιρ,
1273 1841 1302 1913 ές
1325 1839 1374 1906 τὺν
1414 1829 1417 1836 Δ

236 1943 340 2026 ἀγῶνα
361 1943 577 2029 προβαλέσθαι,
600 1941 789 2029 προσετίθει(
881 1990 909 2004 ..
946 1942 1092 2007 Ciceroni
1115 1943 1178 2024 ipsi
1199 1964 1292 2011 nemo
1314 1947 1375 2028 trig-
1433 1975 1436 1982 ·

237 2047 334 2113 buere
356 2054 466 2129 potest
486 2067 588 2130 neque
623 2047 664 2112 ad
686 2047 873 2112 Sallustium
895 2045 1010 2110 referri
1034 2052 1183 2127 possunt,
1215 2049 1376 2131 quadrant

236 2158 343 2218 autem
368 2153 487 2232 optime
511 2171 582 2217 cum
604 2151 786 2217 Plutarcho.
833 2150 871 2215 cf.
893 2170 962 2231 cap.
985 2150 1062 2232 XX,
1094 2170 1188 2232 quem
1211 2153 1373 2234 hocloco,

235 2255 290 2322 ubi
312 2256 448 2337 primum
473 2255 622 2322 Caesaris
645 2255 838 2321 mentionem
861 2254 958 2333 facit,
989 2273 1007 2318 e
1036 2256 1190 2321 memoria
1222 2259 1374 2325 nonnulla

235 2361 393 2441 adjecisse
415 2379 513 2442 supra
536 2361 682 2426 diximus.
728 2359 768 2424 ci.
791 2360 964 2440 praecipue

236 2466 270 2529 οὑ
292 2463 471 2549 καθαρεύων
495 2463 547 2550 μέν
571 2463 708 2536 ὑπονοίας
731 2459 790 2526 Κι-
816 2459 927 2533 πολλὰς
960 2460 1012 2545 μέν
1048 2461 1174 2548 ὑποψίας
1201 2461 1374 2548 παρέδωκεν

234 2570 363 2654 κέρωνος
395 2569 421 2632 δ’
458 2569 492 2632 οὑ
525 2569 705 2654 θαρροῦντος
740 2564 789 2631 καί
817 2567 950 2653 παριδεῖν
981 2567 1086 2630 ἑκόντα
1118 2565 1168 2630 καὶ
1197 2568 1373 2652 παραλιπεῖν

234 2678 320 2742 τόνδε
353 2675 590 2761 ὑπεραρέσκοντα
619 2675 663 2759 τῷ
700 2676 790 2759 δήμιρ
817 2669 869 2755 τὴν
898 2674 963 2735 κατ’
993 2670 1103 2734 έκείνον
1134 2673 1256 2756 μὴνυσιν
1284 2673 1372 2758 φόβῳ

332 2779 548 2868 προβαλέσθαι.
817 2780 877 2839 τῶν
901 2775 996 2862 φίλων
1020 2775 1110 2840 αὑτοῦ
1136 2773 1186 2841 καί
1206 2782 1259 2860 τῆς
1282 2775 1374 2842 δυνά-

818 2904 906 2963 μεως,

321 2990 390 3056 Ηοο
413 2987 570 3070 imprimis
593 2986 761 3051 Bureschii
783 2986 978 3051 sententiam
1000 2984 1140 3067 refutat,
1170 2985 1225 3066 qui
1247 2981 1373 3052 omnino

189 3124 191 3130 ·
234 3095 267 3158 in
306 3095 367 3158 hac
400 3089 676 3158 commentationis
715 3092 809 3170 parte
842 3090 971 3170 saepius
999 3089 1206 3155 vehementer
1244 3091 1374 3156 errauit.

234 3195 343 3263 Verba
377 3196 513 3277 Appiani
547 3191 736 3279 ,προσετίθει
774 3191 937 3256 διαθέσθαι
975 3191 1042 3263 τοὺς
1074 3191 1183 3277 ἄνδρας
1216 3190 1374 3279 Κικέρωνα

233 3308 286 3387 τῆς
316 3301 440 3374 Ἰταλίας
471 3302 500 3364 έν
523 3300 642 3363 πόλεσιν
666 3295 712 3370 αἷς
742 3297 776 3361 dv
808 3295 894 3369 αὐτὸς
919 3297 1082 3384 δοκιμάση,
1119 3298 1206 3384 μέχρι
1227 3295 1374 3364 Κατιλίνα

233 3403 551 3490 καταπολεμηθέντοςα
597 3405 681 3484 apud
713 3403 922 3468 Plutarchum
969 3422 1032 3468 non
1068 3403 1204 3468 inveniri
1242 3405 1305 3470 nisi
1338 3406 1371 3470 in

235 3511 393 3579 Caesaris·
408 3511 494 3575 vitae
517 3527 586 3590 cap.
604 3507 675 3572 Xll.
698 3507 894 3572 Bureschius
918 3505 1092 3572 contendit.
1139 3508 1230 3572 lllam
1255 3508 1372 3589 lippia-

232 3636 306 3684 num
336 3634 399 3681 non
428 3613 628 3694 excerpisse,
659 3630 738 3695 ergo
761 3610 948 3676 Ciceronem
971 3611 1073 3691 ipsum
1105 3611 1136 3676 ei
1166 3618 1241 3678 ante
1264 3612 1373 3680 oculos

232 3723 341 3789 fuisse.
375 3721 475 3786 Plane
499 3717 599 3801 igitur
622 3715 827 3796 Bureschius,
851 3715 904 3796 qui
928 3716 1073 3799 graviter
1096 3716 1136 3780 de
1158 3716 1293 3782 aliorum
1316 3735 1372 3783 ne·

232 3824 388 3911 gligentia
411 3823 566 3904 queritur,
589 3839 643 3903 pg.
668 3824 748 3898 219,
783 3819 1003 3900 praetermisit
1025 3821 1129 3885 locum
1152 3822 1185 3884 in
1208 3820 1372 3888 Ciceronis

233 3932 319 3995 vitae
342 3928 449 4009 capite
471 3926 565 4008 XXI,
597 3922 665 3995 τοὺς
786 3921 894 4007 ἄνδρας
918 3923 1108 4009 ἀπαχθέντας
1132 3925 1173 3996 εἰς
1196 3926 1296 3998 πόλεις
1318 3931 1371 4012 τῆς

234 4033 376 4111 Ἰταλίας,
410 4031 444 4102 ἃς
468 4030 501 4094 ἂν
525 4031 600 4113 δοκῇ
622 4024 770 4112 Κικέρωνι
793 4028 951 4113 τηρεῖσθαι
975 4027 1149 4112 δεδεμένους
1173 4027 1244 4116 ἄχρι
1266 4029 1301 4097 ἂν
1335 4029 1370 4094 οὑ

231 4136 468 4220 καταπολεμηθῇ
487 4130 656 4203 Κατιλίνας.
680 4166 724 4179 -·

318 4243 496 4308 Praeterea
518 4237 664 4304 conferas
688 4255 808 4320 quaeso
831 4237 917 4303 locos
939 4237 1054 4303 hosce:

443 4347 522 4424 App.
547 4348 575 4407 6.
949 4340 1034 4406 Plut.
1059 4341 1123 4408 Cic.
1146 4339 1231 4407 XXI.

234 4447 349 4514 δικαίου
364 4454 416 4533 τῆς
431 4447 553 4531 γνώμης
580 4445 724 4531 φανείσης
746 4481 788 4494 -
818 4441 909 4528 οὑσης
924 4441 958 4506 δέ
972 4449 1024 4529 τῆς
1040 4445 1161 4529 γνώμης
1174 4442 1369 4518 ἐπιεικοῦς..
