3292 5070
739 448 779 519 35

188 633 303 695 rantur
331 629 409 694 item
440 627 627 694 Ciceronem
660 627 799 709 sapiunt.
845 626 1007 708 Supplicia
1038 624 1170 692 decreto
1205 624 1326 691 caesar

187 731 397 815 publicationi
421 731 614 813 resistebat,
649 730 706 795 sed
730 748 769 794 nc
791 729 913 795 tribuni
942 730 1071 812 quidem
1100 747 1171 795 eum
1195 728 1326 810 adjuve-

185 842 272 916 runt,
295 837 407 902 Cicero
430 844 538 903 autem
560 836 620 900 hoc
643 835 771 916 incepto
789 835 926 911 destitit,
950 835 1075 900 scilicet
1097 838 1243 916 utquam
1266 832 1325 898 mi·

184 941 329 1006 tissimus
353 959 425 1006 esse
448 940 619 1005 videretur.

272 1047 315 1109 At
338 1045 455 1110 dixerit
478 1045 636 1126 quispiam
660 1062 720 1108 non
745 1043 886 1108 futurum
909 1041 1020 1123 fuisse,
1043 1045 1080 1106 ut
1104 1041 1216 1107 Cicero
1239 1060 1324 1106 com·

187 1156 390 1232 memoraret,
415 1151 587 1215 Caesarem
611 1149 768 1214 aOatone
791 1148 824 1212 in
847 1148 1059 1228 suspicionem
1075 1152 1223 1211 vocatum
1244 1164 1326 1211 esse.

187 1254 250 1319 Sed
264 1255 395 1319 Catonis
410 1254 514 1318 oratio
529 1253 675 1318 omnibus
692 1258 768 1317 nota
784 1253 854 1334 luit,
879 1270 973 1333 quam
987 1250 1140 1331 scriptam
1152 1250 1325 1315 memoriae

185 1358 377 1422 tradendam
394 1376 524 1422 curasse
542 1357 654 1422 Cicero
670 1356 788 1420 dicitur
804 1355 901 1436 (Plut.
920 1355 1010 1420 Cato.
1027 1354 1158 1435 XXIII).
1192 1354 1325 1418 Silentia

187 1468 295 1527 autem
318 1462 547 1542 praetermisit,
572 1466 607 1525 ut
622 1461 815 1525 Plutarchus
840 1465 980 1524 testatur
1004 1458 1182 1540 Gaes‚VII‚
1207 1458 1326 1523 Caesa·
1441 1455 1445 1466 '

186 1587 254 1632 rem
270 1576 437 1633 exeuntem
449 1574 562 1632 senatu
574 1564 614 1630 ab
626 1565 787 1647 equitibus
800 1565 952 1629 Romanis
965 1564 1080 1645 gladiis
1093 1565 1228 1645 petitum
1243 1582 1325 1641 esse,

186 1673 296 1754 itaque
308 1673 367 1737 hoc
380 1673 450 1737 loco
462 1672 547 1752 apud
561 1673 629 1753 ejns
640 1677 858 1752 excerptorem
872 1669 949 1733 nihil
961 1669 1117 1751 ejusmodi
1130 1669 1274 1751 legimus.
1285 1705 1327 1716 -

271 1778 320 1841 De
344 1776 448 1856 capite
471 1776 563 1840 XXII
585 1795 688 1856 pauca
710 1779 835 1840 tantum
853 1774 988 1838 dicenda
1012 1779 1095 1850 sunt,
1119 1773 1218 1839 verba
1241 1775 1326 1838 enim

187 1881 358 1946 manifeste
392 1881 526 1958 docent,
574 1898 666 1960 quem
711 1879 833 1944 fontem
868 1879 1060 1943 Plutarchus
1102 1885 1177 1943 ante
1217 1878 1326 1944 oculos

187 1984 347 2063 habuerit,
377 2003 435 2049 nec
459 1985 527 2049 sine
548 1984 621 2064 jure
645 1983 825 2049 Heerenius
848 1982 1029 2060 contendit,
1060 2001 1111 2063 pg.
1138 1987 1209 2047 186.
1254 1983 1326 2064 ipsa

191 2089 353 2155 Ciceronis
376 2086 476 2152 verba
498 2086 591 2152 nobis
614 2105 793 2168 superesse.
840 2088 955 2152 Totum
978 2087 1061 2151 enim
1084 2087 1236 2153 Isocratis
1259 2107 1325 2170 my·

186 2194 364 2260 rothecium
382 2199 478 2273 atque
495 2211 603 2257 onmes
620 2192 690 2272 ejus
706 2190 934 2272 discipulorum
951 2193 1078 2256 arculas
1100 2192 1278 2258 invenimus
1291 2192 1325 2276 ¹).

186 2299 302 2363 Restat
324 2303 360 2361 ut
383 2302 480 2377 caput
501 2294 614 2361 XXIII
644 2295 859 2375 inspiciamus.
905 2295 1160 2377 Hypomnemate
1191 2294 1232 2360 ad
1256 2295 1324 2359 exi-

187 2409 253 2468 tum
286 2407 480 2482 properante
513 2400 643 2464 aliunde
665 2400 839 2464 Plutarcho
872 2401 1023 2465 auxilium
1046 2401 1220 2482 petendum
1243 2407 1325 2483 erat,

187 2507 296 2587 itaque
320 2507 351 2568 in
376 2506 435 2570 hoc
458 2504 565 2584 capite
582 2503 761 2584 complures
784 2503 959 2568 relationes
972 2505 1063 2584 quasi
1087 2504 1326 2586 conglutinatae

186 2610 336 2675 videntur
360 2627 440 2673 esse.
476 2607 565 2686 Quae
588 2607 628 2672 de
645 2607 808 2673 Ciceronis
824 2607 1083 2688 praeclarissimo
1101 2609 1174 2690 jure
1187 2608 1325 2690 jurando

186 2715 322 2798 legimus
347 2713 484 2778 dilucide
508 2711 549 2777 ad
571 2712 783 2794 hypomnema
802 2717 953 2792 spectant
975 2711 1030 2795 (cl.
1047 2711 1088 2778 ad
1104 2711 1178 2777 lam.
1195 2712 1233 2778 V.
1251 2716 1281 2792 2,
1295 2718 1325 2777 7.

186 2817 218 2881 in
242 2817 306 2881 Pis.
332 2816 430 2899 6-7)
454 2816 538 2895 quod
570 2815 661 2897 quasi
685 2816 844 2897 epilogum
869 2815 1053 2882 consulatus
1077 2823 1220 2881 extremo
1243 2814 1326 2881 libro

186 2921 373 2986 Ciceronem
397 2917 558 2984 effinxisse
582 2919 717 2985 dicendo
736 2939 833 3001 supra
849 2920 1070 2986 demonstrare
1085 2921 1191 2987 conati
1207 2939 1325 2986 sumus.

185 3025 356 3091 Caesarem
380 3041 506 3105 quoque
540 3043 611 3089 cum
633 3022 774 3090 tribunis
808 3026 1010 3106 conspirasse
1034 3025 1138 3090 Schol.
1161 3023 1239 3091 Bob.
1263 3030 1325 3092 302

185 3131 280 3194 docet
304 3148 395 3213 „cum
419 3135 526 3193 tamen
550 3129 584 3194 O.
609 3128 730 3194 Caesar
758 3137 891 3210 praetor
912 3129 1043 3195 Metello
1069 3128 1326 3213 tribunoplebis

184 3231 391 3297 adsisteret“.
437 3233 499 3297 Sed
524 3232 655 3311 Cicero,
690 3234 794 3314 quoad
818 3233 927 3299 videre
951 3252 1009 3315 ego
1031 3253 1172 3318 possum,
1194 3239 1327 3318 praeter

185 3335 351 3400 Metellum
382 3339 527 3400 autorem
558 3336 694 3416 injuriae
716 3336 802 3402 illius
832 3337 991 3403 neminem
1014 3341 1199 3404 nominatim
1224 3340 1324 3424 signi·

184 3439 275 3516 ficat,
310 3441 420 3521 itaque
443 3439 585 3505 dubitari
608 3447 732 3524 potest,
766 3462 805 3508 an
828 3443 861 3507 in
884 3444 1128 3525 hypomnemate
1152 3444 1325 3510 Gaesarem

182 3543 268 3608 inter
291 3542 528 3609 obtrectatores
552 3546 857 3611 commemoraverit.
890 3546 930 3612 cl.
947 3547 1065 3613 Ascua.
1083 3553 1134 3625 74,
1159 3548 1213 3629 qui
1236 3548 1325 3614 Oice-

183 3666 294 3713 rouem
324 3648 357 3712 iu
390 3649 589 3730 expositione
622 3649 828 3715 consiliorum
865 3669 996 3716 suorum
1028 3650 1202 3716 Caesarem
1241 3653 1326 3717 inter

183 3750 401 3832 refragatores
425 3752 605 3818 nominasse
629 3755 804 3820 contendit.

270 3855 378 3922 Verba
407 3858 467 3942 „tp
497 3856 539 3929 οἷς
572 3857 615 3922 ἔτι
646 3862 756 3943 μᾶλλον
781 3897 819 3907 -
844 3858 897 3944 τὴν
929 3858 1098 3947 Κικέρωνος
1131 3861 1322 3926 δυναστείαν”

186 3960 424 4042 hypomnemati
452 3981 513 4026 non
542 3962 715 4029 tribuenda
738 3983 809 4029 esse
833 3970 978 4046 apparet.
1022 3965 1071 4032 Ne
1098 3985 1138 4032 ea
1160 3967 1288 4049 quidem
1299 3965 1323 4048 ²)

256 4141 281 4210 l)
302 4141 360 4195 Hoc
382 4159 417 4196 ne
437 4138 581 4196 Bessorum
612 4143 725 4211 quidem
755 4142 867 4212 effugit,
896 4145 946 4212 qui
976 4144 1046 4200 haec
1074 4144 1241 4201 eGicerone
1269 4162 1325 4201 non

184 4229 285 4283 hausta
304 4246 362 4283 esse
382 4228 518 4284 affirmari
538 4248 617 4301 posse
637 4235 730 4302 negat,
750 4233 797 4288 sed
816 4236 913 4288 tamen
932 4233 1031 4299 sumit,
1060 4233 1155 4290 Liviol
1188 4234 1326 4290 declama-

181 4315 272 4371 tiones
298 4317 362 4371 illas
387 4318 553 4372 tribuendas
580 4337 654 4387 esse,
683 4322 751 4389 quia
770 4322 880 4376 Livium
905 4323 935 4377 in
954 4323 1096 4394 prioribus
1120 4323 1262 4394 capitibus
1280 4341 1326 4379 ex·

181 4411 308 4476 carptum
328 4423 387 4462 esse
406 4409 608 4464 demonstrasse
629 4410 683 4465 sibi
704 4411 824 4467 videtur.

253 4495 280 4566 2)
300 4495 504 4553 Weizsaolera
529 4515 575 4568 pg.
596 4501 650 4554 428
669 4503 721 4556 hoc
741 4503 801 4558 loeo
821 4501 1015 4557 laudationem
1034 4502 1148 4558 Catonis
1166 4505 1329 4574 excerptam

1070 4591 1119 4658 3*
