3292 5070
780 455 817 516 15

234 626 366 688 senatus
388 627 515 704 partem
536 624 724 690 Ciceronem
755 623 882 690 domum
903 629 1108 707 prosecutum
1131 642 1212 690 esse.
1258 623 1370 708 Neque

232 746 309 794 vero
331 725 498 809 probabile
520 734 571 794 est
585 728 794 794 Plutarchum
817 735 852 794 et
867 728 1026 795 Velleium
1048 730 1162 796 eodem
1184 729 1272 796 fonte
1293 749 1370 798 usos

233 850 320 911 esse,
352 831 508 898 Velleium
532 833 615 898 enim
638 852 658 899 a
680 830 824 898 fontibus
846 832 1009 914 primariis
1031 834 1182 900 auxilium
1204 833 1369 917 petivisse,

232 936 309 1020 quis·
325 936 461 1002 credat?
494 937 656 1003 Intererat
678 937 799 1020 Vellei,
832 943 868 1002 ut
899 937 931 1002 in
955 938 1127 1022 pingendis
1149 939 1314 1005 Ciceronis
1337 943 1371 1004 et

234 1040 366 1107 Catonis
387 1039 530 1107 moribus
553 1041 710 1122 quaesitis
733 1039 840 1106 verbis
863 1042 1049 1123 ornatisque
1071 1041 1202 1108 vocibus
1222 1043 1371 1128 legentes

232 1144 419 1211 delectaret.
465 1145 571 1223 Quare
593 1145 767 1211 verisimile
794 1163 858 1210 uon
887 1150 953 1224 est,
993 1164 1064 1211 eum
1094 1147 1224 1224 laudes,
1254 1146 1370 1228 quibus

234 1250 387 1317 Catonem
410 1249 513 1332 effert,
541 1249 622 1315 fonti
644 1269 703 1316 suo
725 1249 853 1326 debere,
875 1251 1084 1316 recordantes
1107 1253 1191 1316 enim
1214 1252 1371 1318 Catonem

233 1355 373 1437 posteris
404 1354 507 1420 instar
537 1353 636 1420 fuisse
666 1355 829 1419 Romanae
862 1354 1007 1432 virtutis,
1043 1356 1270 1435 concedemus,
1307 1357 1370 1439 ipsi

232 1459 355 1525 Velleio
382 1458 631 1526 declamationes
653 1459 726 1525 illas
748 1457 939 1525 tribuendas
962 1477 1043 1537 esse,
1068 1458 1216 1525 conferas
1238 1478 1368 1541 quaeso,

232 1562 391 1646 quomodo
407 1562 578 1629 laudentur
593 1562 678 1644 apud
693 1581 762 1629 euru
779 1563 912 1646 Marius,
926 1562 1024 1642 Sulla,
1040 1563 1221 1645 Pompeius,
1238 1563 1369 1630 Caesar.

234 1669 333 1733 -In
366 1667 471 1749 capite
496 1672 536 1732 32
567 1666 641 1732 libri
663 1666 696 1731 Il
719 1666 862 1732 Velleius
891 1666 975 1752 legis
1010 1666 1145 1733 Rosciae
1175 1667 1369 1733 mentionem

233 1771 323 1855 facit,
348 1772 408 1838 hoc
432 1771 473 1837 ad
495 1771 619 1838 Livium
643 1775 735 1853 spect
756 1775 781 1837 t.
806 1770 845 1835 ci.
868 1771 936 1836 Liv.
958 1771 1098 1853 perioch.
1123 1776 1175 1853 99,
1201 1770 1257 1838 sed
1281 1777 1369 1837 certe

228 1875 376 1956 iudicare
399 1894 461 1941 non
484 1893 663 1957 possumus.
689 1911 726 1921 -

534 2073 779 2159 Asconius
808 2073 1068 2159 Pedianus.

319 2222 434 2300 Miror,
471 2225 555 2304 quod
577 2225 638 2288 uiri
660 2225 746 2290 docti
769 2244 870 2306 paene
894 2225 1023 2290 silentio
1048 2225 1296 2290 transmiserunt
1319 2242 1368 2304 ea,

231 2345 314 2408 quae
337 2328 494 2393 Asconius
505 2325 533 2410 1)
555 2327 648 2393 nobis
672 2329 712 2393 de
736 2329 954 2409 conjuratione
977 2328 1088 2393 tradit.
1128 2327 1198 2408 Qui,
1222 2328 1284 2392 etsi
1305 2346 1368 2393 non

232 2432 264 2496 in
287 2431 391 2498 animo
412 2431 513 2498 habet
534 2434 787 2516 conjurationem
810 2433 902 2499 nobis
926 2451 1104 2515 exponere,
1127 2433 1228 2498 multa
1252 2429 1370 2510 adfert,

233 2555 314 2617 quae
338 2538 507 2619 conjuncta
529 2538 720 2603 relationem
744 2535 886 2603 efficiunt
908 2557 971 2603 non
994 2539 1073 2603 levis
1095 2538 1257 2603 momenti.

318 2645 477 2726 Catilina,
500 2665 571 2711 cum
593 2647 626 2709 in
651 2646 790 2712 Sullanis
812 2645 960 2727 partibus
983 2651 1089 2726 esset,
1122 2644 1159 2722 Q.
1184 2644 1367 2725 Caecilium,

233 2748 276 2813 M.
300 2749 512 2831 Volumnium,
534 2750 571 2814 L.
595 2749 771 2817 Tanusium
794 2751 929 2828 occidit,
954 2750 1036 2814 Mari
1060 2749 1244 2816 Gratidiani
1273 2754 1369 2831 caput

232 2851 392 2918 abscisum
424 2872 482 2934 per
504 2852 614 2919 urbem
646 2873 705 2948 sua
734 2839 1121 2938 mendaciumque).
1151 2850 1253 2918 Fabia
1280 2852 1369 2934 virgo

232 2957 376 3023 Vestalis
388 2976 517 3023 causam
540 2958 657 3024 incesti
680 2959 769 3036 dixit,
794 2977 865 3023 cum
888 2957 918 3023 ei
932 2956 1073 3022 Catilina
1095 2954 1287 3036 obiceretur,
1310 2955 1369 3022 sed

233 3061 382 3128 absoluta
405 3068 465 3128 est.
500 3061 678 3128 Dicebatur
694 3062 834 3128 Catilina
857 3062 1053 3128 adulterium
1078 3060 1274 3127 commisisse
1297 3078 1370 3125 oum

232 3185 271 3232 aa
294 3187 376 3249 quae
400 3168 429 3232 ei
451 3173 566 3249 postea
582 3184 693 3232 socrus
717 3163 778 3232 fuit
801 3173 895 3231 etex
919 3171 1083 3231 conatam
1106 3171 1217 3248 stupro
1239 3164 1368 3230 duxisse

230 3289 362 3336 uxorem
385 3270 452 3356 (pg.
477 3272 542 3354 82).
589 3270 730 3336 Catilina
751 3289 827 3336 reus
849 3270 1115 3351 repetundarum,
1148 3288 1218 3336 cum
1241 3267 1368 3350 provin·

231 3375 313 3440 ciam
334 3375 475 3442 Africam
499 3375 691 3441 obtinuisset
713 3381 745 3441 et
768 3377 953 3441 consulatus
975 3375 1181 3441 candidatum
1203 3393 1239 3441 se
1261 3379 1369 3441 osten-

231 3479 349 3557 disset,
384 3479 489 3546 factus
512 3487 564 3546 est
590 3500 609 3545 a
632 3480 756 3546 Clodio.
802 3479 858 3545 Cn.
880 3481 954 3546 Piso
978 3480 1165 3546 adolescens
1187 3485 1303 3560 potens
1334 3484 1369 3543 et

231 3583 435 3650 turbulentus
456 3583 625 3650 familiaris
657 3567 728 3650 erat
752 3584 910 3650 Catilinae
940 3583 1141 3664 omniumque
1164 3582 1369 3648 consiliorum

232 3689 301 3769 eJus
332 3689 495 3771 particeps
527 3693 561 3754 et
592 3687 761 3754 turbarum
791 3693 904 3754 auctor
934 3691 1002 3772 (pg.
1027 3688 1093 3771 58).
1138 3686 1174 3752 L.
1198 3673 1384 3754 Volcacius

231 3795 343 3859 Tullus
366 3795 532 3860 consilium
555 3792 717 3875 publicum
740 3790 862 3870 habuit,
885 3811 926 3858 an
944 3792 1104 3858 rationem
1125 3791 1247 3859 babere
1269 3789 1368 3858 debe·

230 3904 282 3964 ret
299 3898 457 3964 Catilinae
479 3900 526 3963 rei
549 3898 810 3979 repetundamm
833 3899 861 3963 si
884 3902 1013 3979 peteret
1034 3899 1244 3964 consulatum.
1279 3896 1367 3963 Cati-

230 4001 295 4067 lina
330 4001 371 4068 ob
404 4020 475 4067 eam
507 4020 634 4068 causam
658 4000 786 4068 destitit
808 4021 828 4066 a
849 4001 1006 4082 petitione
1029 4001 1094 4092 (ng.
1117 4004 1184 4084 80).
1228 4001 1368 4067 Catilina

230 4114 304 4190 post
337 4106 468 4172 comitia
503 4106 683 4172 consularia
717 4125 737 4170 a
768 4107 805 4171 L.
832 4105 969 4172 Lucceio
1005 4124 1080 4172 reus
1112 4108 1198 4171 inter
1232 4105 1367 4172 sicarios

231 4209 337 4277 iactus
369 4210 537 4277 absolutus
566 4215 618 4278 est
651 4211 719 4295 (pg.
743 4212 808 4288 81).
853 4210 888 4276 P.
913 4208 1034 4276 Sullam
1064 4215 1098 4276 et
1119 4210 1154 4275 P.
1179 4209 1367 4275 Autronium

230 4315 266 4380 L.
292 4315 389 4382 Cotta
411 4323 445 4382 et
466 4315 503 4381 L.
521 4315 703 4399 Torquatus
727 4314 868 4382 ambitus
891 4314 1124 4384 damnaverunt
1146 4319 1180 4381 et
1202 4315 1234 4380 in
1257 4331 1366 4384 eorum

304 4491 330 4564 1)
349 4505 405 4547 rsa.
425 4489 567 4561 Kiessliug
585 4492 615 4547 et
633 4489 752 4548 Sehosll.
769 4489 862 4549 Barol.
882 4491 959 4548 isla.
