3292 5070
775 377 821 441 46

413 546 489 613 Obs.
518 551 586 612 122.
996 545 1056 609 Dio
1082 549 1131 622 37,
1148 551 1176 610 9.

272 653 323 736 „in
363 651 512 733 capitolio
552 653 658 732 lupam
688 651 780 716 Remi
852 649 960 734 „elato
986 649 1017 711 τέ
1039 671 1081 719 τις
1100 649 1239 734 λυκαίνης
1263 648 1314 714 σύν
1334 673 1366 712 τε

227 763 261 822 et
283 756 410 822 Romuli
432 755 564 820 fulmine
587 755 717 821 ictam“.
807 761 851 837 τῷ
869 747 988 838 Ῥώμῳ
1006 750 1056 816 καὶ
1079 752 1130 817 σὺν
1153 749 1364 839 τῴῬωμύλῳ

810 856 949 942 ἱδρυμένη
974 855 1109 940 {necent

272 963 780 1048 „signumqueloviscumcolum
853 959 922 1045 „acl
946 960 1015 1034 Διὸς
1044 959 1166 1046 ἄγαλμα
1195 960 1242 1024 ἐπὶ
1267 963 1363 1035 κίονος

226 1089 268 1136 na
291 1066 492 1148 disJ'ectum“.
810 1064 995 1150 ἱδρυμένονα.

271 1170 433 1256 „Tabulae
456 1171 564 1255 legum
584 1159 705 1236 aeneae
727 1171 779 1235 lit·
853 1167 909 1252 »τά
918 1193 951 1232 τε
964 1168 1125 1254 γράμματα
1137 1175 1194 1233 τῶν
1209 1172 1364 1255 στηλῶνές

226 1277 308 1344 teris
330 1274 545 1358 liquefactis“.
809 1273 843 1344 ἃς
857 1275 884 1336 οἱ
897 1275 982 1359 νόμοι
1000 1273 1200 1360 ἐσεγράφυντυ
1212 1276 1364 1362 συνεχύθη

808 1377 858 1441 καὶ
881 1378 1000 1464 ἄμυδρα
1022 1381 1169 1463 ἐγένετυα.

315 1483 444 1566 Signum
475 1481 559 1548 lovis
588 1501 659 1548 cum
689 1485 836 1548 columna
867 1484 1036 1566 disJectum
1066 1505 1139 1552 esse
1163 1487 1274 1551 Cicero
1304 1505 1365 1548 non

228 1593 464 1654 commemorat.

314 1691 376 1756 Dio
405 1691 507 1774 igitur
536 1708 607 1754 cum
636 1690 706 1755 Livi
736 1700 923 1774 excerptore
956 1693 1071 1759 melius
1101 1695 1241 1775 quadrat
1272 1712 1365 1774 quarn

229 1818 300 1866 cum
325 1799 487 1864 Cicerone.
511 1836 553 1846 -

315 1903 364 1967 Ea
393 1902 541 1983 prodigia
571 1921 654 1984 qnae
683 1903 837 1969 Cicerone
870 1906 1008 1969 Antonio
1039 1905 1222 1972 consulibus
1253 1926 1366 1971 evene·

227 2013 303 2073 runt
334 2007 446 2072 eodem
475 2007 568 2072 modo
607 2008 691 2088 apud
727 2007 913 2073 Ciceronem
958 2015 991 2075 et
1020 2012 1156 2075 Dionem
1184 2017 1367 2089 narrantur,

229 2111 314 2194 apud
337 2112 547 2176 Plutarchum
570 2117 602 2175 et
626 2110 863 2194 Obsequentem
890 2115 1002 2194 paucis
1026 2115 1239 2198 attinguntur.
1286 2115 1368 2180 Con-

229 2216 406 2282 cedendum
430 2223 498 2294 est,
529 2215 642 2280 Dionis
666 2223 699 2280 et
722 2217 885 2282 Ciceronis
912 2217 1010 2283 verba
1034 2220 1152 2299 optime
1176 2221 1367 2299 consentire,

229 2322 269 2389 cf.
301 2341 340 2388 ex
370 2323 528 2403 poematis
557 2319 640 2386 libro
673 2323 713 2386 II.
747 2342 829 2388 vers.
861 2328 999 2390 20-27.
1036 2325 1106 2389 Dio.
1139 2330 1190 2406 37,
1208 2330 1257 2402 25,
1276 2330 1368 2390 1-2.

318 2426 430 2506 Neque
453 2444 528 2490 vero
554 2425 666 2490 eodem
690 2445 797 2490 rerum
812 2433 962 2491 contextu
978 2446 1030 2491 res
1046 2428 1123 2491 illae
1139 2428 1221 2508 apud
1235 2429 1369 2492 Dionem

230 2537 462 2610 ennarrantur,
493 2548 554 2610 qno
587 2529 619 2593 in
651 2529 897 2610 hypomnemate
930 2530 1079 2596 videntur
1111 2532 1256 2611 prolatae
1290 2548 1370 2595 esse.

230 2635 270 2702 cf.
294 2636 377 2700 Plut.
402 2635 457 2698 vit.
482 2632 547 2699 Cic.
572 2653 641 2714 cap.
665 2633 754 2714 XIV,
787 2633 841 2698 ubi
865 2635 970 2698 omina
995 2635 1049 2700 illa
1073 2642 1370 2717 commemorantur,

229 2747 399 2824 postquam
422 2739 613 2804 Plutarchus
644 2739 788 2802 narravit
821 2740 937 2804 iterum
969 2740 1138 2804 Catilinam
1172 2741 1369 2804 consulatum

229 2845 392 2927 petivisse.
438 2843 614 2907 Praeterea
646 2841 730 2922 apud
754 2843 890 2907 Dionem
920 2848 1016 2924 caput
1040 2847 1080 2906 25
1106 2861 1175 2907 cum
1199 2844 1306 2922 capite
1330 2847 1370 2904 24

229 2954 297 3014 tam
315 2954 388 3013 arte
404 2967 441 3012 co
457 2947 581 3024 haeret,
605 2951 641 3010 nt
656 2947 763 3010 divelli
779 2947 830 3011 vix
845 2949 979 3029 possint,
1004 2947 1059 3012 sed
1084 2966 1122 3011 ex
1146 2947 1258 3010 eodem
1282 2944 1371 3010 fonte

230 3054 347 3118 hausta
371 3071 443 3118 esse
465 3051 645 3116 videantur.
691 3051 739 3114 De
772 3053 904 3132 augurio
929 3053 1045 3117 salutis
1070 3069 1145 3116 vero
1168 3051 1201 3114 in
1223 3056 1370 3130 poemate

230 3157 275 3221 nil
298 3157 446 3239 legimus,
469 3152 525 3219 ubi
544 3153 656 3218 Cicero
680 3159 754 3218 ante
779 3155 927 3238 prodigia
950 3174 1031 3236 quae
1054 3155 1264 3219 tractavimus
1287 3154 1372 3219 lovis

230 3267 264 3328 et
273 3260 425 3326 feriarum
436 3259 622 3324 Latinarum
639 3259 831 3323 mentionem
843 3259 932 3342 facit,
956 3277 1038 3340 quae
1056 3259 1181 3342 „dirum
1196 3258 1226 3321 in
1246 3265 1372 3338 tempus

231 3365 408 3432 recideret
724 3367 729 3376 '

315 3470 428 3551 Itaque
451 3486 491 3532 ne
514 3467 574 3532 hoc
598 3465 725 3548 quidem
759 3466 828 3531 loco
852 3466 1063 3548 hypomnema
1090 3472 1275 3546 excerptum
1299 3486 1371 3531 esse

229 3571 398 3655 probabile
421 3578 481 3650 est,
506 3590 584 3636 neve
607 3589 796 3652 spernamus
821 3570 1057 3651 obsequentur,

374 3675 450 3741 Obs.
474 3695 543 3757 cap.
571 3679 641 3740 122.
971 3657 1032 3740 Dio
1058 3675 1107 3753 37,
1122 3678 1172 3752 25,
1187 3679 1216 3742 2.

276 3780 441 3864 „Fulmine
463 3781 617 3861 pleraque
650 3779 787 3844 decussa
861 3776 1031 3863 „Kepaoool
1061 3801 1092 3842 τε
1114 3775 1179 3863 γὰρ
1211 3777 1241 3840 ἐν
1268 3776 1373 3862 αἰθρίᾳ

231 3902 345 3951 sereno
359 3934 384 3955 ..
401 3933 407 3948 .
423 3934 429 3949 .
444 3884 484 3949 de
507 3883 595 3949 coelo
620 3883 711 3950 trabs
734 3904 784 3949 ar·
813 3879 917 3945 πολλοὶ
934 3880 1038 3946 ἔπεσον
1061 3879 1112 3945 καὶ
1124 3879 1279 3965 λαμπάδες
1303 3882 1372 3945 ἀνε-

232 3989 311 4054 dens
346 3988 387 4053 ab
421 4007 538 4054 occasu
578 3988 619 4053 ad
663 3988 786 4055 coelum
813 3983 867 4057 κάς
898 3987 928 4058 ἐς
966 3983 1015 4050 τὸν
1055 3983 1178 4070 οὐρανὸν
1219 3983 1276 4049 ἀπὸ
1313 3991 1371 4049 τῶν

231 4099 363 4160 extenta
815 4093 936 4176 δυσμῶν
976 4090 1142 4175 ἀνέδραμον
1188 4087 1237 4154 καὶ
1275 4091 1294 4172 ἡ
1332 4093 1371 4172 γῆ

275 4206 383 4264 terrae
414 4202 502 4262 motu
627 4197 785 4277 quaedam
816 4196 946 4281 ἰσχυρῶς
977 4195 1112 4280 ἐσείσθη.

233 4307 432 4369 corruerunt.
494 4287 497 4292 ¹

319 4407 496 4474 Praeterea
513 4407 694 4473 Thouretus
709 4409 828 4484 monet,
851 4403 954 4469 solum
968 4403 1054 4468 inter
1068 4420 1175 4468 rerum
1198 4402 1375 4485 scriptores
