3292 5070
719 721 1037 807 Plutarchus,

394 867 558 934 Tractavit
573 866 766 932 Plutarchus
782 867 1034 949 conjurationem
1051 866 1210 932 Catilinae
1232 866 1265 931 in
1280 867 1347 933 vita
1360 866 1448 932 Cice·
1506 880 1509 886 ·

305 974 403 1054 ronis,
427 972 566 1037 strictim
588 971 700 1054 attigit
722 972 754 1035 in
778 971 852 1036 vitis
875 971 1018 1054 Catonis,
1044 971 1170 1054 Crassi,
1206 971 1365 1037 Caesaris.
1411 970 1448 1035 In

307 1076 471 1142 Ciceronis
500 1076 567 1140 vita
597 1073 784 1155 exponenda
806 1074 1015 1140 Plutarchum
1037 1075 1193 1156 imprimis
1217 1074 1366 1140 Tironem
1398 1092 1448 1138 sa-

306 1187 413 1249 cutum
437 1199 509 1246 esse
532 1180 593 1244 viri
615 1180 703 1245 docti
726 1180 938 1244 consentiunt.
985 1179 1121 1261 Saepius
1144 1181 1228 1246 enim
1251 1199 1324 1245 eum
1346 1180 1447 1245 nomi·

308 1296 374 1368 nat,
399 1286 489 1368 cujus
511 1285 645 1367 scripta,
667 1283 766 1348 vitam
792 1289 825 1348 et
848 1283 953 1348 tacete
977 1284 1064 1349 dicta
1078 1285 1251 1362 Ciceronis,
1274 1283 1449 1349 Plutarcho

304 1390 426 1457 fontem
448 1410 487 1455 ex
509 1387 607 1456 animi
629 1389 790 1454 sententia
811 1387 912 1454 fuisse
934 1407 1027 1453 nemo
1050 1387 1170 1454 infitias
1192 1388 1269 1471 ibit,
1302 1388 1358 1470 qui
1380 1389 1447 1469 pri·

305 1515 389 1562 mum
423 1501 519 1577 caput
550 1496 636 1560 vitae
659 1494 833 1558 Alexandri
857 1495 990 1577 legerit,
1024 1513 1086 1576 quo
1116 1496 1186 1560 loco
1224 1492 1447 1559 describendi

305 1620 423 1682 genere
454 1618 511 1666 suo
542 1598 734 1664 Plutarchus
766 1597 922 1663 certiores
954 1616 1012 1662 nos
1042 1595 1166 1681 facit1).
1212 1600 1295 1664 Prae
1329 1598 1448 1664 ceteris

306 1705 470 1772 Ciceronis
502 1705 568 1769 vita
597 1704 657 1768 hoc
689 1702 783 1766 modo
808 1707 1000 1784 enarratur,
1035 1701 1180 1768 abundat
1202 1704 1286 1768 enim
1308 1701 1446 1782 facetiis,

300 1810 392 1891 jocis,
415 1807 673 1886 narratiunculis,
699 1806 756 1871 sed
781 1805 820 1870 de
845 1805 1010 1872 Ciceronis
1034 1808 1181 1887 scriptis,
1205 1807 1245 1872 de
1269 1807 1445 1872 autoritate

304 1919 337 1979 et
353 1911 476 1994 opibus,
500 1912 541 1977 de
564 1911 613 1975 rei
629 1909 777 1992 publicae
794 1912 986 1976 tractandae
1001 1910 1180 1976 rationibus
1196 1929 1300 1992 pauca
1321 1915 1447 1975 tantum

248 2015 250 2018 ’
304 2017 529 2098 inveniuntur,
560 2019 694 2095 excepta
718 2033 756 2078 ea
778 2019 883 2095 parte,
906 2033 970 2095 qua
993 2014 1032 2078 de
1056 2016 1224 2080 consulatu
1247 2015 1363 2096 agitur.
1408 2014 1446 2079 In

303 2118 534 2202 perscribenda
557 2118 778 2199 conjuratione
803 2117 993 2184 Catilinaria
1015 2119 1223 2184 Plutarchum
1244 2137 1307 2182 non
1331 2118 1444 2184 eodem

303 2243 422 2308 genere
446 2224 574 2290 dicendi
596 2241 689 2288 usum
710 2239 791 2305 esse,
817 2227 972 2304 apparet,
989 2223 1115 2304 itaque
1138 2224 1197 2288 viri
1221 2223 1308 2288 docti
1320 2221 1344 2309 2)
1368 2241 1443 2288 con-

302 2329 465 2410 sentiunt,
493 2327 575 2392 hanc
607 2326 800 2392 relationem
833 2327 920 2391 nullo
952 2327 1046 2391 modo
1080 2327 1121 2392 ad
1144 2328 1294 2393 Tironem
1326 2325 1442 2393 referri

302 2452 413 2516 posse,
448 2432 533 2497 unde
556 2436 664 2496 autem
686 2432 803 2496 hausta
826 2431 884 2508 sit,
916 2431 972 2496 alii
998 2431 1094 2496 aliter
1113 2431 1276 2515 judicant,
1308 2451 1443 2514 quorum
1503 2487 1506 2496 .

300 2537 495 2617 sententias,
527 2534 583 2601 ubi
606 2535 727 2616 aliquid
760 2535 841 2600 lucis
865 2533 981 2600 afferre
1004 2536 1171 2614 videntur,
1203 2537 1339 2621 singulis
1362 2536 1442 2602 locis

301 2640 524 2708 tractabimus.
549 2675 589 2687 -

384 2741 602 2830 fleereniusr)
637 2742 691 2824 qui
721 2743 843 2824 primus
876 2744 959 2809 hanc
982 2742 1202 2826 quaestionem
1224 2743 1363 2810 movisse
1395 2743 1441 2809 vi·

300 2851 414 2927 detur,
450 2847 615 2914 Plutarchi
646 2845 838 2911 relationem
873 2848 1034 2928 epitomen
1073 2849 1347 2930 hypomnematis,
1379 2866 1441 2930 quo

299 2955 411 3021 Cicero
443 2953 642 3018 consulatum
672 2971 765 3017 suum
796 2951 989 3036 celebravit,
1022 2972 1094 3018 esse
1118 2954 1300 3032 contendit,
1334 2954 1440 3019 omnia

298 3060 381 3122 enim
398 3059 444 3124 sic
461 3062 614 3122 enarrata
637 3073 718 3134 esse,
743 3060 779 3120 ut
802 3075 821 3120 a
839 3055 994 3122 Cicerone
1010 3057 1081 3138 ipso
1098 3059 1280 3139 exspectari
1295 3063 1438 3139 possent.

296 3163 456 3228 Locorum
488 3160 603 3242 quibus
628 3160 821 3226 Plutarchus
852 3161 1108 3242 hypomnematis
1131 3158 1326 3228 mentionem
1360 3162 1442 3228 facit

297 3267 436 3333 alterum
469 3265 637 3349 producit3
669 3264 843 3351 Peterus⁴)
878 3261 1048 3349 utrumque
1080 3265 1192 3347 affert,
1222 3285 1325 3348 neque
1363 3285 1440 3332 vero

298 3370 481 3454 existimat,
513 3371 688 3436 Plutarcho
722 3371 801 3436 illud
831 3371 1042 3452 hypomnema
1085 3377 1160 3437 ante
1192 3372 1301 3437 oculos
1329 3369 1440 3454 luisse,

295 3494 394 3559 saepe
426 3477 509 3542 enim
532 3475 739 3540 Plutarchum
770 3482 900 3541 autores
931 3476 1118 3558 nominare,
1153 3483 1287 3558 quorum
1318 3476 1440 3557 scripta

295 3601 357 3648 non
380 3581 469 3662 legit.
509 3578 573 3643 Sed
595 3578 761 3646 videamus
785 3580 983 3665 diligentius,
1008 3581 1165 3662 quomodo
1189 3581 1438 3647 commentarius

295 3690 407 3752 noster
430 3690 707 3751 commemoretur.
731 3725 773 3734 -

370 3879 394 3949 l)
412 3879 488 3935 Plut.
507 3881 580 3936 vitas
606 3898 661 3938 rec.
681 3881 811 3936 Sintenis.
850 3882 924 3953 Lips.
944 3883 1052 3938 Teubn.
1079 3884 1114 3938 ci.
1133 3883 1271 3954 imprimis
1291 3879 1374 3954 „Oica
1392 3884 1438 3957 γὰρ

298 3966 406 4041 ἱστορίας
424 3973 563 4044 γράφομεν,
582 3969 646 4024 ἀλλὰ
662 3972 737 4043 βίους,
757 3971 814 4025 οὔτε
833 3979 886 4031 ταῖς
905 3973 1107 4044 ἐπιφανεστάταις
1126 3972 1225 4044 πράξεσι
1243 3976 1343 4032 πάντως
1362 3973 1438 4027 ἔνεστι

294 4056 402 4131 δήλωσις
420 4061 510 4134 ἀρετῆς
534 4062 578 4114 καλ
597 4061 694 4124 κακίας,
714 4061 778 4114 ἀλλὰ
790 4068 892 4132 πρᾶγμα
913 4062 995 4134 βραχὺ
1006 4062 1126 4121 πολλάκις
1145 4063 1188 4116 καὶ
1207 4061 1276 4136 ῥῆμα
1295 4065 1339 4117 καὶ
1351 4063 1436 4118 παιδιαί

296 4165 332 4207 τις
351 4148 457 4222 ἔμφασιν
476 4149 556 4222 ἤθους
574 4151 688 4222 ἐποίησιν
708 4149 803 4220 μᾶλλον
822 4150 838 4222 ἢ
859 4151 940 4223 μάχαι
959 4152 1141 4224 μοριόνεκροι.“

365 4239 392 4308 2)
410 4238 535 4294 conferas
561 4256 682 4308 quaeso,
709 4256 783 4308 quae
808 4257 893 4310 supra
919 4239 976 4312 (ος.
995 4242 1078 4312 6-7)
1107 4241 1230 4296 diximus
1244 4241 1289 4310 ‘de
1315 4241 1439 4296 virorum

293 4327 439 4384 doctorum
459 4330 616 4386 sententiis.

364 4418 392 4488 3)
411 4419 445 4476 ci.
464 4419 576 4476 Heeren
593 4438 640 4492 pg.
660 4421 703 4476 23.

362 4507 390 4576 4)
412 4508 444 4562 H.
455 4509 546 4576 Peter,
565 4511 611 4567 die
631 4511 746 4577 Quellen
761 4514 908 4569 Plutarcho
927 4514 956 4569 in
978 4511 1032 4570 den
1044 4513 1233 4584 Biographien
1254 4513 1304 4570 der
1324 4513 1435 4571 ltdmer.

291 4594 373 4651 Halle
393 4597 463 4652 1865
483 4616 529 4668 pg.
553 4599 699 4656 lae-130.
