3292 5070
276 611 443 681 Plutarchi
465 611 564 681 verba
586 611 730 695 perbene
753 617 932 696 congruunt
954 631 1026 678 cum
1042 611 1205 698 Sallustio,
1231 613 1290 682 sed
1313 611 1424 682 videa·
1473 691 1474 694 Ἴ

278 739 365 799 mus,
396 737 471 785 num
505 738 543 783 ex
577 736 615 783 eo
638 723 767 800 sumpta
798 736 870 784 esse
893 714 1043 783 debeant.
1089 719 1286 785 Bureschius
1309 718 1426 802 negari

276 843 340 891 non
364 842 459 906 posse
482 823 657 902 contendit,
681 841 698 888 e
722 822 875 889 Sallustio
898 822 1033 889 haustos
1057 841 1129 890 esse
1151 825 1239 890 locos
1264 823 1380 891 bosco:

408 929 446 994 of.
470 929 555 994 Plut.
580 928 645 994 (lic.
667 928 706 993 X.
848 930 851 1068 Ι
999 929 1077 993 Sall.
1101 929 1173 995 (lat.
1199 934 1249 1010 16,
1264 935 1292 997 3.

324 1029 504 1120 ᾖΠομπηΐου
522 1025 583 1117 μὲν
608 1031 651 1096 ἐτι
671 1033 732 1104 τοῖς
749 1033 836 1119 βασι·
910 1032 947 1098 In
976 1033 1074 1099 Italia
1106 1034 1213 1100 nullus
1246 1035 1424 1114 exercitus}

281 1140 380 1203 λοῦσιν
414 1139 444 1202 ἐν
476 1135 583 1224 Πόντῳ
620 1134 672 1201 καὶ
703 1133 838 1223 Ἀρμενίᾳ
867 1136 1424 1226 οο.Ροαιρυ1υαἱυεαιτυοιίεζῐοιαίν

280 1247 496 1328 πολεμοῦντος,
527 1243 559 1306 ἐν
593 1239 627 1304 δὲ
655 1240 697 1326 τῇ
725 1235 836 1327 Ῥώμῃ
866 1241 985 1307 bellum
1011 1241 1156 1324 gerebat.
1496 1239 1500 1246 ’

281 1350 430 1433 μηδεμιᾶς
461 1347 639 1432 ὑφεστώσης
669 1343 742 1432 πρὸς
770 1343 838 1418 τοὺς

281 1452 511 1538 νεωτερίζοντας
544 1449 709 1538 ἀξιομάχου
747 1449 838 1515 δυνά-

284 1582 373 1644 μεως.

366 1663 440 1728 Mea
464 1661 593 1743 quidem
615 1659 778 1726 sententia
801 1676 900 1724 causa
922 1677 985 1725 non
1008 1664 1068 1738 est,
1093 1677 1149 1724 cur
1165 1653 1422 1724 credamusPlu·

279 1767 394 1834 tarcho
424 1766 514 1831 illum
543 1766 646 1831 locum
680 1763 814 1829 Sallusti
845 1769 921 1830 ante
951 1765 1061 1830 oculos
1091 1760 1212 1846 fuisse,
1243 1761 1305 1827 etsi
1339 1761 1423 1826 onim

280 1872 394 1938 eadem
417 1870 504 1936 facta
527 1873 711 1948 narrentur,
734 1874 842 1932 tamen
864 1866 964 1932 verba
995 1886 1057 1933 non
1088 1870 1183 1950 plane
1207 1865 1421 1947 consentiunt,

278 1976 473 2059 praesertim
507 1993 579 2040 cum
609 1973 802 2040 Plutarchus
834 1971 1004 2038 verbosius
1034 1991 1129 2054 quam
1153 1971 1325 2038 Sallustius
1347 1988 1423 2051 pro·

280 2079 383 2176 ierat,
416 2079 601 2161 Pompeium
637 2096 709 2143 cum
733 2077 828 2142 Ponti
867 2081 900 2142 et
932 2077 1104 2143 Armeniae
1136 2075 1269 2162 regibus
1301 2074 1423 2140 bellum

281 2185 432 2266 gessisse.
456 2217 500 2230 -
521 2181 647 2254 Deinde
670 2181 710 2247 cf.

435 2287 518 2351 Plut.
541 2286 604 2351 Cio.
633 2291 683 2350 10.
996 2285 1073 2352 Sall.
1098 2287 1167 2351 Oet.
1194 2289 1244 2363 14,
1258 2290 1287 2349 5.
1377 2325 1379 2332 .

325 2390 516 2476 „Aceobupao
541 2391 567 2452 δ’
585 2388 632 2452 ὑπ’
649 2389 740 2453 αὐτοῦ
762 2386 846 2452 πολὺ
911 2388 974 2454 Sed
997 2408 1145 2455 maxume
1168 2385 1423 2454 adulescentium

283 2493 370 2580 μέρος
393 2501 446 2579 τῆς
469 2495 499 2558 ἐν
522 2496 559 2578 τῇ
582 2494 666 2558 πόλει
688 2495 836 2578 νεότητος,
866 2493 1105 2559 familiaritates
1114 2491 1301 2574 adpetebat.
1312 2510 1423 2558 eorum

280 2597 391 2684 ἡδονὰς
414 2596 464 2662 καὶ
486 2600 593 2671 πότους
614 2597 666 2663 καὶ
690 2603 837 2683 γυναικῶν
866 2596 965 2662 animi
998 2598 1112 2663 molles
1144 2603 1177 2662 et
1207 2601 1316 2663 aetate
1346 2594 1422 2661 fluxi

281 2703 394 2790 ἔρωτας
411 2702 458 2768 ἀεὶ
471 2703 748 2789 παρασκευάζοντος
764 2702 836 2768 ἑκά·
866 2701 948 2767 dolis
986 2701 1073 2768 haud
1106 2699 1279 2767 difficulter
1315 2701 1422 2781 capie-

282 2833 343 2895 ττῳ
365 2808 416 2873 καὶ
439 2807 492 2893 τὴν
516 2809 557 2880 εἰς
585 2813 679 2873 ταῦτα
702 2807 835 2894 δαπάνην
865 2803 994 2871 bantur.
1050 2802 1133 2871 Nam
1177 2806 1225 2871 uti
1267 2805 1422 2888 quusque

281 2915 415 3000 ἀφειδῶς
438 2912 726 2999 παρασκευάζοντος.
865 2908 1006 2975 studium
1046 2927 1085 2974 ex
1119 2914 1229 2975 aetate
1260 2908 1423 2996 flagrabat

866 3014 938 3078 aliis
986 3020 1096 3081 scorta
1135 3012 1311 3097 praebere,
1349 3014 1424 3080 aliis

865 3136 961 3184 canes
999 3122 1097 3198 atque
1136 3135 1235 3198 equos
1274 3119 1423 3202 mercari,

864 3227 1029 3304 postremo
1044 3240 1150 3304 neque
1162 3222 1304 3303 sumptui
1319 3241 1423 3306 neque

865 3325 1045 3392 modestiae
1069 3344 1147 3392 suae
1170 3345 1323 3409 parcere,
1347 3327 1424 3392 dum

862 3429 937 3496 illos
981 3429 1134 3496 obnoxios
1173 3428 1319 3514 fidosque
1360 3430 1423 3498 sibi
1628 3489 1629 3506 ν

847 3533 1023 3618 ,laceret.“

368 3641 453 3707 Sane
468 3641 549 3706 haec
561 3641 681 3721 optime
697 3640 867 3722 quadrant,
888 3638 945 3704 sed
958 3638 1145 3706 Ciceronem
1162 3659 1287 3724 qnoque
1303 3641 1424 3708 fontem

282 3746 382 3813 fuisse
405 3743 559 3811 credibile
582 3735 667 3826 est„
684 3763 876 3826 quamquam
899 3745 984 3826 apud
1008 3745 1214 3826 Ciceronem,
1249 3748 1354 3830 quoad
1377 3749 1423 3813 vi·

281 3852 359 3918 dere
382 3869 441 3932 ogo
465 3868 596 3933 possum
614 3851 721 3916 nullus
736 3850 897 3916 invenitur
920 3851 1019 3934 locus,
1043 3852 1097 3932 qui
1113 3871 1214 3934 aeque
1237 3872 1274 3918 ao
1291 3853 1424 3920 Sallusti

281 3955 381 4021 verba
417 3973 488 4020 cum
521 3955 696 4022 Plutarcho
728 3960 893 4038 congruat.
959 3955 999 4021 cl.
1032 3956 1069 4021 In
1099 3957 1195 4023 Catil.
1219 3958 1303 4023 las
1334 3958 1424 4043 ,Iam
1628 4039 1629 4044 ρ

282 4079 359 4126 vero
383 4077 466 4140 quae
487 4063 581 4126 tanta
604 4078 743 4142 unquam
765 4061 797 4124 in
821 4059 887 4125 ullo
910 4060 1037 4125 homine
1057 4060 1237 4141 juventutis
1258 4060 1424 4129 inlecebra
1628 4045 1629 4052 ἵ

223 4160 226 4166 ’
282 4165 344 4230 fuit
361 4167 482 4246 quanta
504 4163 536 4226 in
553 4163 635 4230 illo?
658 4164 712 4246 qui
735 4164 817 4230 alios
833 4157 964 4230 amabat
986 4164 1265 4246 ipsetumissime,
1289 4165 1425 4231 aliorum

281 4269 383 4335 amori
404 4266 658 4351 flagitiosissime
682 4267 853 4348 serviebat,
873 4268 946 4335 aliis
968 4267 1110 4336 fructum
1132 4267 1318 4353 libidinum,
1350 4271 1424 4336 aliis

281 4379 416 4438 mortem
438 4378 607 4454 parentum
636 4392 700 4440 non
728 4374 823 4441 modo
844 4373 1040 4456 impellendo
1067 4392 1177 4441 verum
1210 4375 1309 4440 etiam
1332 4375 1424 4457 adju·

282 4476 387 4545 vando
409 4475 655 4561 pollicebatur.“
