3292 5070
826 403 845 464 8

272 568 370 632 etiam
392 568 555 635 interdum
577 569 647 650 ipse
671 588 779 635 secum
793 569 965 654 discrepat.
984 575 1070 664 *Hoc
1094 593 1218 656 quoque
1235 577 1408 643 tenendum

272 677 332 751 est,
357 672 544 738 Ciceronem
566 675 636 738 vivo
660 672 800 739 Caesare
823 676 930 741 omnia
954 677 1127 758 diligenter
1154 679 1293 762 vitasse,
1326 699 1409 762 quae

272 776 312 842 ad
343 777 531 842 societatem
560 779 646 842 inter
670 779 844 844 Caesarem
876 786 908 845 et
931 782 1104 847 Catilinam
1135 789 1280 849 exortam
1310 785 1412 866 perti·

271 879 401 946 nebant.
439 880 559 957 Quibus
584 883 623 946 de
647 883 753 947 causis
777 883 921 966 graviter
944 885 1115 952 dolendum
1139 893 1199 965 cst,
1223 889 1307 968 quod
1321 889 1410 955 Cice-

271 985 360 1049 ronis
390 990 422 1050 et
445 986 619 1051 amicorum
650 985 752 1050 libelli
782 987 822 1052 de
855 990 1024 1056 consulatu
1056 992 1125 1072 eJ'us
1158 998 1321 1058 vetustate
1353 991 1410 1058 ab·

272 1089 391 1169 sumpti
414 1094 447 1153 et
470 1089 632 1170 deperditi
653 1095 738 1156 suut.

361 1192 473 1258 Cicero
498 1195 583 1259 enim
616 1195 701 1259 omui
725 1195 818 1260 modo
842 1197 977 1278 gloriam
1008 1215 1099 1261 suam
1130 1217 1247 1278 augere
1278 1206 1412 1265 conatus

272 1302 323 1362 est
346 1302 379 1362 et
402 1317 421 1363 a
443 1299 612 1379 permultis
634 1300 764 1380 petiuit,
796 1306 832 1365 ut
855 1300 999 1366 facinora
1019 1320 1081 1394 sua
1103 1303 1276 1368 memoriae
1300 1304 1411 1369 trade·

271 1407 354 1467 rent.
400 1402 544 1485 Thyillus
578 1409 611 1468 et
643 1405 778 1470 Archias
809 1410 841 1469 et
871 1407 1027 1471 Lucceius
1059 1406 1216 1472 voluntati
1250 1408 1319 1490 ejus
1351 1428 1412 1474 non

272 1504 517 1585 satisfecerunt,
550 1507 691 1573 Herodis
714 1509 870 1589 scriptum
894 1509 934 1574 de
958 1509 1179 1589 conjuratione
1204 1511 1296 1576 valde
1323 1512 1413 1577 Cice·

273 1612 344 1677 roni
375 1611 586 1694 displicebat,
620 1631 660 1678 ne
692 1614 820 1679 Atticus
859 1614 986 1695 quidem
1020 1615 1148 1679 laudem
1179 1616 1313 1681 meritus
1352 1623 1412 1682 est.

274 1717 388 1797 Itaque
410 1716 480 1796 ipse
505 1715 544 1780 de
568 1717 738 1782 consulatu
761 1736 818 1783 suo
836 1718 1014 1798 composuit
1029 1720 1276 1784 commentarios
1290 1719 1413 1786 Graece

275 1824 309 1884 et
330 1819 456 1902 Latine,
480 1825 652 1901 praeterea
674 1827 805 1901 po'e'ma,
838 1822 879 1886 dc
903 1820 1018 1903 quibus
1041 1820 1177 1902 legimus
1201 1822 1336 1887 haecce:
1372 1822 1412 1887 ad

275 1925 372 1989 Attio.
396 1924 420 2006 Ι,
447 1929 496 1989 19.
550 1924 841 2009 „Commentarium
873 1927 1056 1990 consulatus
1079 1926 1143 1990 mei
1172 1925 1295 1991 Graece
1329 1945 1415 1991 com·

274 2029 415 2109 positum
438 2029 510 2094 misi
533 2029 575 2094 ad
597 2034 647 2109 te;
678 2030 711 2093 iu
735 2049 796 2111 quo
820 2033 846 2095 si
872 2029 947 2111 quid
973 2030 1045 2108 erit,
1070 2030 1153 2110 quod
1174 2030 1295 2095 homiui
1306 2032 1414 2096 Attico

275 2135 379 2198 minus
403 2133 561 2199 Graecum
586 2133 810 2215 eruditumque
834 2135 998 2217 videatur,
1022 2153 1085 2199 non
1108 2134 1213 2199 dicam
1238 2135 1320 2216 quod
1344 2133 1415 2210 tibi,

275 2243 312 2302 ut
324 2237 447 2318 opinor,
470 2237 621 2302 Panormi
633 2238 784 2302 Lucullus
808 2237 847 2301 de
872 2237 938 2302 suis
954 2237 1099 2302 historiis
1116 2237 1260 2302 dixerat:
1285 2257 1329 2316 se,
1353 2256 1415 2319 quo

275 2341 401 2406 facilius
424 2341 496 2406 illas
518 2340 672 2422 probaret
695 2341 831 2406 Romani
854 2342 992 2406 hominis
1016 2359 1107 2422 esse,
1132 2341 1252 2406 idcirco
1277 2341 1416 2407 barbara

277 2444 438 2526 quaedam
461 2451 494 2510 et
517 2446 639 2508 σόλοικα
661 2446 863 2527 dispersisse.
910 2445 1004 2526 Apud
1032 2465 1082 2510 me
1113 2447 1141 2509 si
1164 2445 1240 2527 quid
1263 2447 1325 2510 erit
1348 2446 1417 2526 eJ’us

277 2549 380 2626 modi,
410 2568 461 2614 me
483 2550 687 2630 imprudente
711 2551 774 2613 erit
806 2556 838 2615 et
862 2549 972 2614 invito.
1017 2549 1166 2614 Latinum
1200 2549 1229 2614 si
1250 2549 1417 2630 perfecero

245 2731 248 2738 Ι
277 2652 319 2718 ad
350 2658 383 2718 te
405 2653 541 2718 mittam.
588 2653 730 2718 Tertium
760 2659 874 2734 poema
898 2657 1101 2733 exspectato,
1134 2654 1282 2734 nequod
1314 2673 1333 2718 a
1366 2672 1417 2717 me

276 2759 346 2839 ipso
369 2756 477 2821 laudis
498 2775 589 2821 meae
612 2775 712 2836 genus
735 2756 1027 2836 praetermittatur.
1064 2757 1124 2821 Hio
1147 2761 1183 2821 tu
1206 2775 1283 2822 cave
1306 2757 1416 2822 dicas:

278 2860 340 2946 „ric
364 2857 455 2944 πατὲρ
479 2859 630 2943 elapsast
661 2861 688 2925 si
721 2865 772 2925 est
807 2861 891 2924 euim
926 2860 1011 2940 apud
1043 2860 1203 2924 hominem
1232 2860 1417 2942 quidquam,

280 2965 367 3048 quod,
386 2966 494 3045 potius
517 2964 570 3042 sit,
602 2964 762 3029 laudetur.
808 2963 875 3028 Nos
899 2964 1126 3046 vituperemur,
1150 2965 1203 3044 qui
1226 2981 1289 3028 non
1312 2965 1419 3044 potius

279 3069 344 3134 alia
374 3067 550 3133 laudemus.
575 3103 616 3114 -
640 3067 838 3149 Quamquam
869 3086 931 3132 nou
967 3065 1190 3151 ἐγκωμιαστικά
1220 3073 1295 3138 suut
1327 3068 1418 3146 haec,

279 3171 337 3238 sed
362 3169 502 3256 ἱστορικὰ,
525 3189 607 3251 quae
631 3170 809 3236 scribimus.

367 3276 477 3342 Idibus
500 3275 595 3340 Mart.
620 3276 681 3322 -“

367 3380 427 3445 Ad.
448 3380 590 3445 Atticum
612 3381 637 3461 I,
654 3384 740 3460 20,ss
764 3397 874 3444 meuse
889 3379 983 3449 ,Maio
1007 3380 1068 3464 „de
1091 3379 1171 3444 meis
1195 3379 1325 3460 scriptis
1347 3379 1420 3445 misi

283 3487 324 3552 ad
363 3492 396 3551 te
426 3485 548 3550 Graece
578 3484 756 3565 perfectum
790 3484 991 3550 consulatum
1031 3503 1146 3549 meum.
1192 3485 1274 3549 Eum
1303 3484 1420 3550 librum

282 3591 318 3654 h.
337 3589 481 3655 Cossinio
497 3588 581 3654 dedi.
615 3587 698 3652 Puto
722 3592 756 3652 te
772 3588 899 3652 Latinis
922 3589 1002 3653 meis
1027 3587 1193 3666 delectari,
1216 3588 1289 3652 huic
1313 3590 1421 3653 autem

285 3693 410 3759 Graeco
433 3692 592 3757 Graecum
615 3692 768 3756 invidere.
815 3692 877 3755 Alii
910 3691 938 3757 si
960 3693 1159 3772 scripserint,
1182 3693 1347 3756 mittemus
1381 3691 1420 3756 ad

284 3803 328 3862 te.
367 3797 425 3862 sed
447 3796 524 3861 mihi
547 3798 642 3862 crede
666 3795 878 3877 simulatque
900 3796 960 3861 hoc
973 3801 1118 3862 nostrum
1133 3796 1290 3877 legerunt,
1314 3795 1421 3862 nescio

285 3921 346 3984 quo
369 3907 465 3983 pacto
487 3901 727 3967 retardantur.“

373 4004 431 4069 Ad.
455 4005 596 4069 Atticum
618 4004 659 4087 ΙΙ,
686 4011 712 4069 1.
757 4022 865 4069 mense
887 4005 988 4068 Iunio.
1035 4005 1088 4089 „Is
1118 4003 1211 4088 (puer
1231 4004 1321 4086 tuus)
1344 4005 1421 4069 mihi

286 4109 415 4175 litteras
449 4107 507 4172 abs
538 4112 572 4172 te
614 4115 647 4172 et
679 4108 939 4173 commentarium
972 4108 1156 4173 consulatus
1195 4108 1259 4172 mei
1298 4108 1422 4174 Graece

287 4211 440 4293 scriptum
464 4212 625 4276 reddidit:
655 4213 771 4292 inquo
795 4213 938 4277 laetatus
962 4231 1052 4294 sum,
1087 4213 1251 4293 aliquanto
1275 4217 1350 4276 ante
1382 4212 1421 4276 de

286 4315 402 4380 iisdem
424 4313 521 4380 rebus
545 4315 667 4380 Graece
690 4317 769 4381 item
791 4315 947 4398 scriptum
971 4314 1088 4381 librum
1105 4316 1142 4381 L.
1156 4315 1301 4382 Cossinio
1325 4315 1366 4380 ad
1388 4320 1423 4381 te

287 4418 510 4503 perferendum
533 4419 671 4485 dedisse.
705 4420 788 4486 Nam
810 4421 838 4486 si
862 4439 923 4504 ego
949 4425 1040 4485 tuum
1062 4427 1137 4486 ante
1161 4420 1313 4505 legissem
1336 4419 1424 4488 furo·
