3292 5070
818 427 858 489 10

267 592 412 676 ejusdem
455 595 528 658 anni
574 595 605 659 iu
642 595 778 676 epistola
811 595 862 661 ad.
895 597 1036 662 Atticum
1066 597 1107 660 Il.
1130 602 1192 675 3,3
1224 598 1405 678 complures

266 717 378 766 versus
405 718 421 763 e
444 698 541 763 tertio
564 698 647 763 libro
665 699 860 780 offeruntur,
895 699 1018 766 duobus
1042 701 1134 766 annis
1156 707 1230 781 post
1241 702 1405 767 Ciceronis

266 809 379 886 po'e'ma
410 802 634 884 percrebuisse
665 824 703 868 ex
734 805 880 870 oratione
913 805 944 868 in
974 805 1123 870 Pisonem
1152 804 1264 871 habita
1295 806 1325 888 (ξ
1350 803 1404 890 74)

267 909 381 986 elucet,
404 907 531 972 dixerat
545 907 627 972 enim
644 908 729 987 Piso,
753 928 847 975 versu
869 911 934 993 illo,
958 910 1097 994 ,cedant
1112 929 1201 974 arma
1217 916 1315 994 togae
1331 929 1404 976 con-

266 1012 362 1078 cedat
377 1012 487 1078 laurea
502 1011 611 1077 laudi“
635 1013 822 1094 Pompeium
838 1015 985 1080 Ciceroni
1002 1014 1165 1080 inimicum
1187 1014 1309 1080 lactum
1333 1033 1404 1082 esse

266 1117 403 1198 ideoque
426 1116 555 1182 exilium
578 1119 647 1198 eJus
671 1117 909 1200 comprobasse.

353 1224 422 1301 Qua
444 1224 571 1289 ratione
595 1223 706 1302 libelli,
730 1226 769 1290 de
793 1224 908 1307 quibus
933 1226 1048 1308 agitur,
1073 1227 1157 1291 inter
1187 1245 1222 1292 se
1245 1227 1407 1307 conjuncti

266 1329 341 1408 sint,
366 1335 453 1394 certe
477 1329 541 1394 dici
564 1348 625 1394 non
649 1335 767 1411 potest,
790 1331 853 1396 etsi
869 1329 1038 1412 probabile
1061 1336 1120 1412 est,
1145 1331 1406 1397 commentarium

265 1433 381 1498 Latine
405 1433 559 1514 scriptum
590 1452 630 1498 ex
652 1434 897 1516 hypomnemate
921 1434 1012 1515 quasi
1035 1433 1228 1500 translatum
1251 1453 1339 1510 esse,
1372 1434 1405 1499 in

265 1543 412 1618 poemate
436 1556 511 1602 vero
528 1538 714 1604 Ciceronem
736 1544 905 1620 po'e'tarum
928 1557 1017 1603 more
1041 1539 1241 1619 repetivisse,
1266 1556 1349 1619 quae
1372 1539 1404 1602 in

265 1643 510 1726 hypomnemate
528 1649 842 1710 commemoraverat.
879 1645 927 1708 Ex
940 1643 1099 1724 poematis
1116 1642 1305 1724 fragmentis
1326 1642 1406 1706 nihil

265 1746 423 1830 gravioris
445 1746 597 1827 ponderis
621 1748 727 1828 colligi
749 1753 879 1828 potest,
914 1747 1170 1829 hypomnematis
1193 1764 1286 1824 vero,
1321 1747 1403 1826 quod

265 1851 429 1916 Plutarchi
451 1851 650 1933 temporibus
672 1851 870 1918 inmanibus
893 1851 1056 1917 hominum
1078 1850 1179 1916 luisse
1202 1869 1300 1931 supra
1324 1850 1404 1915 dixi·

265 1974 353 2038 mus,
388 1957 496 2038 qualia
536 1956 657 2022 fuerint
696 1962 935 2039 argumentum,
968 1954 1115 2038 habitus,
1146 1973 1246 2035 genus
1278 1953 1404 2020 dicendi

265 2079 420 2143 quaerere
442 2080 560 2142 operae
584 2063 722 2142 pretium
747 2061 874 2127 videtur
897 2079 978 2125 esse.
1003 2097 1041 2106 -
1078 2117 1081 2124 .

351 2165 433 2231 Sane
457 2183 509 2230 res
533 2172 584 2230 est
607 2165 715 2248 dubia,
737 2184 796 2230 uec
820 2166 889 2231 sine
913 2162 1173 2245 difficultatibus,
1197 2162 1406 2243 quoniamst

266 2269 409 2338 Socratis
433 2269 530 2336 verbo
554 2279 637 2350 utar,
662 2270 838 2356 σκιαμαχεῖν
862 2269 954 2351 quasi
973 2270 1128 2353 cogimur,
1152 2273 1186 2332 at
1208 2272 1317 2331 tamen
1341 2267 1405 2332 for-

264 2379 353 2440 tasse
377 2376 561 2458 conjectura
585 2376 736 2457 consequi
760 2375 912 2440 nonnulla
934 2391 1111 2456 possumus.
1136 2407 1175 2418 -

352 2480 457 2560 Atque
480 2480 614 2560 primum
640 2480 766 2562 quidem
790 2480 897 2560 magni
921 2478 1071 2543 momenti
1096 2483 1165 2560 est,
1189 2476 1291 2560 scire,
1322 2477 1406 2542 unde

265 2582 391 2648 initium
425 2583 589 2649 scribendi
623 2585 735 2651 Cicero
766 2584 949 2665 sumpserit.
994 2582 1131 2663 Legenti
1160 2581 1240 2646 mihi
1275 2582 1404 2661 saepius

265 2689 434 2770 epistolam
465 2690 516 2755 ad.
547 2690 621 2756 lam.
646 2690 683 2756 V.
710 2694 766 2767 12,
797 2691 876 2755 haec
912 2687 1025 2771 verba,
1061 2687 1241 2769 quaestioni
1272 2692 1404 2752 nostrae

265 2793 370 2857 lucem
393 2791 510 2858 afferre
532 2792 724 2859 videbantur
747 2814 786 2877 ,a
809 2793 967 2875 principio
987 2791 1216 2873 conjurationis
1239 2791 1403 2872 usquead

266 2896 406 2963 reditum
430 2905 577 2964 nostrum
598 2899 726 2965 videtur
748 2899 827 2963 mihi
842 2897 1000 2962 modicum
1026 2915 1141 2978 corpus
1164 2894 1275 2961 confici
1298 2914 1404 2976 posse,

265 3001 297 3066 in
329 3021 391 3084 quo
419 3007 453 3067 et
484 3003 540 3068 illa
562 3005 683 3085 poteris
714 3004 761 3069 uti
785 3003 926 3069 civilium
950 3001 1232 3067 commutationum
1257 3001 1403 3082 scientia,

265 3107 316 3172 vel
339 3107 372 3170 in
396 3107 593 3188 explicandis
616 3109 722 3174 causis
744 3127 853 3174 rerum
875 3125 1029 3172 novarum
1052 3107 1102 3171 vel
1126 3107 1156 3171 in
1180 3105 1333 3172 remediis
1355 3106 1403 3170 in·

267 3213 535 3278 commodorum.“

353 3317 473 3382 Eodem
498 3317 590 3382 initio
614 3319 800 3384 Ciceronem
822 3319 927 3398 ipsum
950 3335 1041 3382 usum
1073 3333 1162 3395 esse,
1194 3333 1297 3380 nonne
1321 3316 1403 3382 veri·

267 3421 371 3488 simile
402 3424 476 3488 est?
517 3423 552 3487 In
577 3423 775 3504 explicandis
798 3429 906 3487 autem
929 3441 1035 3488 rerum
1059 3439 1211 3487 novarum
1234 3421 1349 3499 causis,
1372 3421 1404 3484 in

265 3525 433 3608 pingendis
457 3526 616 3592 Catilinae
638 3524 780 3592 moribus
812 3533 845 3592 et
874 3527 941 3592 vita
973 3526 1014 3591 ad
1038 3526 1170 3590 Sullana
1192 3531 1339 3605 tempora
1373 3525 1404 3589 ei

266 3630 496 3697 recurrendum
520 3636 607 3713 arat,
641 3631 728 3695 illinc
751 3633 849 3712 igitur
872 3631 1037 3696 exordium
1061 3628 1223 3695 scribendi
1258 3647 1331 3694 eum
1353 3647 1405 3695 ce·

265 3736 353 3817 pisse
377 3736 541 3817 existimo,
572 3736 619 3800 ita
650 3754 726 3800 vero
758 3741 793 3801 ut
823 3736 964 3802 breviter
995 3754 1051 3800 eas
1082 3753 1136 3799 res
1159 3734 1403 3815 perstringeret.
1428 3736 1431 3740 ’

266 3839 411 3904 Priorem
434 3839 592 3905 Catilinae
615 3841 867 3921 conjurationem
890 3841 1080 3906 aCicsrone
1103 3839 1297 3920 explicatam
1321 3855 1404 3922 esse,

266 3961 328 4007 uon
351 3943 464 4023 credo,
499 3941 536 4006 ci.
561 3945 602 4007 in.
626 3944 720 4010 Catil.
744 3945 768 4009 I.
792 3951 809 4021 ἕ
835 3950 893 4028 15,
926 3943 981 4008 ubi
1012 3942 1124 4024 paucis
1158 3961 1228 4006 eam
1261 3943 1404 4027 attingit,

265 4047 438 4127 praecipue
462 4053 569 4113 autem
592 4068 650 4130 pro
675 4049 763 4115 Sulla
785 4051 804 4134 ἕ
823 4055 871 4115 12.
910 4049 1016 4133 ,illius
1039 4047 1140 4132 igitur
1163 4047 1404 4128 conjurationis,

267 4169 348 4232 quae
372 4152 459 4218 facta
482 4159 594 4218 contra
618 4159 689 4237 vos,
723 4155 832 4221 dolata
856 4155 894 4220 ud
916 4172 992 4233 ros,
1024 4172 1043 4218 a
1065 4151 1156 4218 vobis
1179 4153 1307 4233 prolata
1330 4169 1403 4217 esse

266 4255 401 4338 dicitur,
436 4276 494 4338 ego
526 4259 621 4323 testis
654 4277 726 4324 esse
758 4278 820 4324 non
843 4260 950 4340 potui:
984 4276 1045 4322 non
1076 4257 1172 4323 modo
1196 4257 1301 4322 animo
1324 4255 1403 4320 nihil

266 4359 425 4439 comperi,
448 4359 507 4425 sed
530 4360 581 4425 vix
604 4362 644 4427 ad
669 4361 756 4427 auris
778 4380 867 4430 meas
889 4362 984 4428 istius
1007 4361 1199 4443 suspicionis
1222 4359 1308 4428 lama
1329 4377 1403 4442 per·

266 4462 382 4528 venit.“
