3292 5070
823 473 864 534 42

278 639 547 723 συμμεμενηκότων
578 639 659 725 αὐτῷ
687 639 939 725 διαγωνισάμενος
979 639 1051 727 πρὸς
1082 637 1232 706 Ἀντώνιον
1268 642 1356 716 αὐτός
1389 668 1422 708 τε

276 740 425 828 διεφθάρη
449 742 499 808 καὶ
521 742 554 806 τὸ
571 746 788 830 superductam<
813 747 923 829 itaque
939 747 1079 828 perbene
1093 749 1257 829 Appianus
1274 749 1419 816 scrihere

277 848 383 926 potuit
405 848 460 931 „od
485 849 659 936 δοσχερῶς“
683 852 799 917 vicisse
823 853 1004 916 Antonium.
1029 888 1071 898 ·-

364 953 411 1018 De
445 953 594 1021 laudibus
627 955 791 1028 Ciceronis
822 956 861 1021 cl.
886 956 970 1021 Plut.
993 955 1059 1021 Cic.
1082 956 1192 1035 XXII,
1224 956 1264 1022 de
1298 958 1420 1025 Catone

482 1056 568 1140 App.
593 1065 621 1124 7.
1025 1060 1109 1124 Plut.
1132 1059 1250 1124 XXIII.

321 1156 482 1244 ,Κάτωνος
506 1164 532 1225 δ’
546 1161 633 1226 αὐτὸν
655 1161 706 1226 καὶ
719 1162 832 1249 πατέρα
906 1165 1003 1247 1,ὥστε
1178 1169 1420 1249 προσαγορεῦσαι
1522 1165 1525 1174 ’

274 1271 327 1348 τῆς
376 1261 516 1351 πατρίδος
562 1267 831 1352 προσαγορεύοντος
859 1267 973 1352 πατέρα
1012 1267 1159 1352 πατρίδος.
1211 1265 1328 1354 Πρώτῳ
1360 1266 1416 1355 γὰρ

273 1368 579 1456 ἐπεβόησενὸδῆμος.
603 1369 653 1436 καὶ
667 1373 748 1435 δοκεῖ
757 1395 831 1435 τισιν
859 1365 964 1456 ἐκείνῳ
1001 1373 1084 1435 δοκεῖ
1113 1375 1199 1435 τοῦτο
1227 1372 1418 1458 καθυπάρξαι

274 1474 330 1558 ἣδε
359 1477 379 1559 ἡ
411 1475 546 1562 εὐφημία
574 1473 632 1540 ἀπὸ
661 1473 831 1562 Κικέρωνος
859 1471 1002 1545 Κάτωνος
1015 1472 1108 1538 αὐτὸν·
1117 1475 1212 1548 οὕτως
1225 1475 1255 1540 ἐν
1267 1475 1315 1562 αρ’
1328 1477 1416 1563 δήμῳ

274 1579 455 1665 ἀρξαμένη.“
858 1578 1182 1666 προσαγορεύσαντος.“

359 1685 565 1752 Plutarchum
588 1687 671 1752 hunc
695 1688 798 1752 locum
822 1685 1060 1769 hypomnemati
1089 1704 1151 1751 non
1175 1686 1294 1752 dehere
1318 1706 1416 1769 supra

275 1789 572 1857 demonstravimus.

361 1895 477 1960 Elucet
498 1896 600 1980 igitur
622 1897 802 1978 Appianum
826 1913 887 1960 non
912 1914 931 1960 a
955 1895 1108 1961 Cicerone
1132 1895 1188 1960 sed
1213 1897 1417 1964 sPlutercho

274 1997 427 2063 auxilium
442 1999 605 2081 petivisse,
629 2000 712 2082 quod
728 2000 831 2081 primo
844 2004 978 2079 aspectu
1001 1999 1052 2063 vix
1068 1999 1270 2066 crediderim.
1304 2001 1434 2083 Neque'
1462 2005 1467 2016 '

274 2103 358 2166 enim
380 2121 439 2183 per
462 2123 496 2168 se
519 2104 692 2169 verisimile
716 2111 781 2186 est,
817 2104 1025 2168 Plutarchum
1048 2105 1193 2185 Appiano
1221 2104 1310 2169 cuius
1333 2105 1416 2171 ratio

275 2211 310 2269 et
331 2223 432 2286 genus
456 2205 619 2272 scribendi
643 2206 849 2272 aPlutorcho
866 2205 1041 2272 abhorrent
1065 2209 1203 2273 fructum
1219 2207 1416 2289 praebuisse,

273 2328 377 2390 neque
401 2311 463 2374 alio
485 2310 554 2376 loco
578 2311 758 2393 Appianum
781 2329 798 2374 e
819 2310 985 2374 Plutarchi
1009 2311 1083 2376 vitis
1105 2311 1253 2376 hausisse
1276 2317 1414 2378 constat.

358 2415 395 2478 In
419 2415 609 2496 explicanda
631 2414 852 2496 conjuratione
877 2416 1060 2496 Appianae,
1094 2416 1148 2496 qui
1180 2415 1219 2480 de
1248 2435 1306 2483 suo
1336 2416 1415 2481 nihil

273 2519 383 2585 attulit
405 2519 468 2585 nisi
490 2538 628 2600 errores,
652 2521 741 2586 nulla
763 2539 802 2584 ex
823 2526 918 2600 parte
938 2521 1093 2600 prodesse
1115 2518 1209 2586 nobis
1230 2526 1349 2602 potest.
1373 2556 1415 2570 —

744 2719 939 2802 Florus

359 2849 499 2932 Florum,
523 2851 578 2931 qui
593 2849 735 2916 breviter
753 2850 873 2916 bellurn
885 2850 1045 2917 Catilinae
1061 2847 1202 2929 exponit,
1227 2847 1415 2914 Sallustium

272 2953 386 3020 ducem
408 2960 554 3020 secutum
577 2973 649 3020 esse
672 2954 770 3021 verba
792 2956 863 3037 ipsa
886 2956 1012 3021 docent.
1058 2952 1098 3017 cf.

416 3060 501 3126 Flor.
525 3059 566 3125 11.
595 3065 644 3140 12,
662 3067 688 3127 l.
988 3059 1064 3125 Sall.
1089 3057 1159 3124 Cat.
1188 3062 1237 3136 16,
1251 3062 1279 3121 5.

318 3164 424 3248 ,quod
461 3165 492 3229 in
523 3165 675 3231 extremis
714 3164 830 3232 finibus
903 3165 958 3248 ,In
991 3164 1086 3228 Italia
1117 3162 1223 3227 nullus
1255 3163 1415 3229 exercitus

272 3266 382 3332 mundi
411 3287 501 3334 erma
525 3270 666 3335 Romana
688 3271 829 3353 peregri·
857 3267 1029 3350 Pompeius
1068 3267 1098 3331 in
1131 3267 1286 3332 extremis
1317 3268 1415 3333 terris

272 3369 465 3436 nabantur.“
858 3372 976 3437 bellurn
999 3371 1144 3454 gerebat.

508 3482 557 3560 12,
570 3483 599 3542 4.
1091 3478 1184 3557 22,1.

317 3580 483 3664 ,additum
512 3588 563 3648 est
585 3583 700 3664 pignus
722 3585 829 3665 conju·
903 3629 990 3662 .....
1014 3580 1143 3645 humani
1173 3582 1318 3661 corporis
1340 3598 1414 3646 san-

271 3686 406 3751 rationis
421 3688 552 3769 sanguis
564 3688 720 3754 humanus
736 3706 829 3769 quem
857 3683 984 3764 guinem
1018 3685 1050 3749 in
1086 3685 1210 3765 pateris
1243 3685 1413 3750 circumtu-

271 3790 493 3858 circumlatum
527 3792 650 3873 pateris
685 3791 827 3858 bibere.“
857 3787 935 3853 lisse
960 3836 1052 3853 .....
1083 3807 1145 3870 quo
1177 3789 1263 3853 inter
1293 3807 1328 3853 se
1357 3785 1414 3853 fidi

857 3891 960 3974 magis
982 3891 1121 3958 lorent.“

412 3997 497 4062 Flor.
520 3999 562 4064 Π.
588 4003 637 4081 12,
654 4006 682 4064 7.
1034 3995 1110 4062 Sall.
1136 4002 1187 4075 31,
1203 4002 1232 4062 9.

314 4117 435 4184 ,seque
463 4107 532 4166 tum
554 4103 661 4183 palam
693 4122 731 4168 ac
754 4123 827 4186 pro·
902 4107 988 4181 ,tum
1019 4101 1072 4166 ille
1095 4100 1303 4179 furibundus,
1335 4121 1413 4184 quo·

270 4204 356 4270 fesse
385 4204 566 4271 incendium
598 4208 827 4274 restincturum
855 4204 939 4268 niem
997 4205 1124 4285 quidem
1181 4207 1415 4273 circumventus

269 4310 363 4376 ruina
386 4311 571 4375 minoretur.
597 4311 613 4344 “
855 4307 959 4390 inquit
997 4307 1037 4374 ab
1083 4311 1222 4376 inimicis
1257 4327 1414 4392 praeceps

855 4430 955 4496 agor,
989 4413 1171 4482 incendium
1193 4431 1300 4480 meum
1320 4413 1415 4480 ruina

853 4514 1086 4600 restinguam.“
