3292 5070
655 439 827 500 ‚21

321 611 385 676 Pro
414 610 523 678 Caelio
549 616 587 677 13
620 610 913 696 ,comprehendere
948 610 1067 676 multos
1103 606 1262 686 amicitia,
1293 604 1378 672 tueri

234 713 406 797 obsequio,
437 733 509 782 cum
533 715 679 783 omnibus
702 716 941 783 communicare
964 715 1049 798 quod
1081 711 1234 792 habebat,
1256 711 1378 778 servire

235 818 434 902 temporibus
456 838 588 886 suorum
610 820 750 886 omnium
772 819 919 902 pecunia,
943 819 1067 901 gratia,
1098 815 1211 883 labore
1234 815 1379 898 corporis

235 924 359 991 scolere
382 924 489 1004 etiam,
512 926 539 991 si
562 944 643 1007 opus
666 931 755 991 esset
775 931 810 990 et
832 922 999 990 audacia.“

322 1030 359 1094 ln
375 1029 471 1096 Catil.
493 1031 517 1095 Ι.
538 1036 576 1095 13
600 1031 651 1096 cui
674 1036 710 1096 tu
733 1030 987 1111 adulescentulo,
1009 1047 1103 1112 quem
1126 1029 1380 1111 corruptelarum

235 1130 406 1198 inlecebris
429 1134 613 1212 inretisses,
638 1152 702 1200 non
724 1133 766 1200 ad
789 1131 958 1199 andaciam
981 1131 1117 1212 serrum,
1152 1137 1210 1198 aut
1240 1132 1283 1198 ad
1305 1128 1378 1197 libi·

235 1237 342 1302 dinem
365 1235 471 1304 facem
492 1237 710 1320 praetulisti.“

325 1343 375 1408 De
399 1343 516 1426 causis,
540 1343 656 1426 quibus
671 1344 806 1410 Romani
829 1343 967 1426 permoti
990 1347 1066 1409 sunt
1086 1341 1283 1408 utGiceroni
1306 1360 1379 1408 con·

235 1435 377 1513 sulatum
397 1448 598 1530 mandarent,
622 1449 816 1516 Plutarchus
847 1467 920 1514 cum
943 1447 1096 1512 Sallustio
1119 1464 1182 1512 non
1205 1446 1375 1512 consentit.

236 1551 351 1644 Tradit
380 1552 464 1618 enim
486 1553 696 1638 Plutarchus,
727 1553 822 1620 sicuti
852 1553 965 1620 Cicero
998 1552 1068 1633 ipse
1100 1550 1288 1632 saepissime
1311 1551 1378 1632 glo·

236 1656 350 1737 riatur,
379 1656 565 1724 Ciceronem
589 1677 746 1724 consensu
771 1658 910 1724 omnium
933 1656 1081 1722 ordinum
1104 1655 1266 1720 consulem
1287 1673 1378 1720 crea·

235 1768 301 1828 tum
324 1779 407 1844 esse,
430 1781 502 1828 cum
517 1763 690 1829 Sallustius
705 1763 858 1828 invidiam
883 1767 981 1845 atque
996 1759 1180 1842 superbiam
1197 1758 1377 1825 nobilitatis

236 1871 473 1948 commemoret,
498 1866 551 1947 qui
575 1867 666 1947 quasi
688 1865 788 1948 pollui
810 1867 1013 1932 consulatum
1035 1862 1229 1941 credebant,
1253 1863 1282 1929 ai
1305 1883 1378 1930 eum

236 1969 380 2051 quamvis
410 1970 558 2052 egregius
587 1971 682 2037 homo
712 1989 813 2038 novus
846 1971 984 2054 adeptus
1016 1968 1111 2035 foret.
1166 1967 1258 2054 (Sall.
1282 1969 1377 2038 Catil.

235 2079 253 2139 2
338 2112 407 2140 ,-

257 2079 286 2154 3,
301 2078 410 2257 6diuae
441 2179 481 2246 do
505 2185 595 2248 statu
624 2182 672 2246 rei
694 2179 893 2270 publicaea
916 2180 1006 2248 Sulla
1029 2183 1225 2245 commutato
1247 2179 1376 2245 Plutar-

236 2284 315 2350 chus
337 2284 464 2365 profert
494 2286 683 2367 impugnant
705 2285 876 2369 Sallustio,
911 2284 962 2351 cui
984 2302 1004 2349 a
1028 2283 1136 2350 Sullae
1158 2283 1376 2349 dominatione

233 2389 431 2455 omniafere
454 2390 500 2455 rei
523 2388 673 2472 publicae
696 2391 784 2457 mala
806 2389 967 2473 proficisci
989 2388 1192 2455 videbantur.
1232 2387 1272 2453 ci.
1297 2387 1375 2454 Sall.

232 2492 327 2559 Catil.
354 2499 403 2572 11,
419 2491 481 2560 off.
506 2493 593 2578 ,Sed
615 2499 787 2576 postquam
810 2495 845 2560 L.
867 2493 956 2560 Sulla
979 2493 1077 2560 armis
1100 2495 1233 2574 recepta
1258 2510 1294 2558 re
1316 2511 1374 2574 pn-

156 2665 159 2670 ,
233 2595 318 2662 blica
339 2595 431 2664 bonis
453 2597 556 2663 initiis
578 2599 680 2664 malos
703 2603 836 2664 eventus
858 2594 991 2678 habuit,
1015 2614 1131 2680 rapere
1154 2613 1279 2680 omnes,
1307 2600 1375 2661 tra·

231 2700 327 2778 here,
361 2702 488 2768 domum
511 2701 594 2768 alius
623 2703 707 2769 alius
731 2721 829 2787 agros
853 2720 970 2783 cupere
993 2720 1097 2783 neque
1119 2701 1249 2767 modum
1270 2719 1375 2781 neque

233 2805 424 2872 modestiam
445 2806 585 2872 victores
606 2805 747 2891 habere,
775 2804 871 2873 foeda
894 2795 1100 2887 crudeliaque
1129 2804 1162 2869 in
1196 2803 1275 2870 civis
1296 2802 1375 2869 iaci-

232 2926 312 2975 nora
335 2908 462 2976 facere“
489 2916 550 2976 etc.

318 3014 512 3080 Plutarchus
535 3019 644 3080 autem
668 3031 723 3081 eos
747 3013 802 3096 qui
831 3013 939 3081 Sullae
962 3020 1046 3093 acta,
1070 3031 1152 3095 quae
1176 3012 1374 3099 „ruodmanno

231 3116 311 3203 ἔχειν
328 3117 362 3181 od
376 3117 493 3204 φαύλην
510 3118 713 3201 videbantur,
735 3117 921 3185 rescindere
940 3118 1143 3201 cenaticum,
1168 3117 1273 3203 „idios
1287 3117 1375 3182 ἕνεκα

230 3224 405 3294 πλεονεξιῶν
443 3223 477 3287 od
500 3221 572 3309 πρὸς
598 3221 631 3286 τὸ
668 3221 838 3309 βέλτιστον“
869 3241 1001 3304 operam
1037 3221 1166 3288 dedisse
1196 3223 1371 3290 contendit.

233 3328 446 3395 Consentiunt
466 3329 547 3402 haec
571 3327 691 3409 optime
714 3345 786 3393 cum
803 3326 958 3393 Cicerone
981 3326 1021 3392 ci.
1046 3327 1086 3392 de
1108 3329 1170 3410 leg.
1194 3347 1261 3409 agr.
1277 3329 1372 3394 111·.r

231 3432 384 3516 ,nimium
410 3451 493 3510 acer,
517 3433 648 3525 nimium
670 3431 843 3497 vehemens
866 3429 1015 3498 tribunus
1032 3431 1162 3498 Sullana
1185 3431 1372 3498 rescindit.“

233 3537 386 3603 adAttic.
402 3537 459 3602 XI.
484 3542 569 3614 21‚3
593 3537 747 3622 ,Sullana
770 3535 908 3619 coniers,
931 3537 965 3602 in
988 3536 1103 3620 quibus
1125 3539 1232 3604 omnia
1254 3557 1372 3620 genere

229 3639 299 3721 ipso
321 3640 583 3722 praeclarissima
605 3635 760 3724 fuerunt,
792 3640 1015 3708 moderatione
1046 3642 1141 3724 paulo
1164 3643 1269 3710 minus
1290 3649 1373 3710 tem·

229 3744 375 3825 psrata.“
419 3744 617 3823 Quintiliano
640 3763 765 3827 quoque
788 3749 874 3812 teste
897 3744 946 3810 uti
968 3763 1138 3827 possumus
1161 3746 1200 3812 ci.
1223 3747 1262 3812 ll.
1290 3752 1317 3812 l.
1331 3751 1373 3812 85

228 3853 306 3938 ,sed
334 3850 382 3917 ita
412 3848 538 3932 legibus
561 3849 670 3938 Sullae
707 3849 882 3915 cohaerere
914 3855 1035 3916 statum
1057 3851 1198 3918 civitatis
1221 3849 1375 3940 affirmat,

227 3955 338 4025 uthis
360 3954 477 4022 solutis
500 3959 589 4022 staro
612 3953 684 4037 ipsa
707 3973 770 4020 non
792 3954 926 4036 possit.“

317 4058 428 4126 Verba
451 4057 566 4140 quibus
588 4059 782 4125 Plutarchus
807 4058 968 4126 Catilinae
990 4077 1097 4128 mores
1119 4060 1223 4143 pingit
1239 4061 1374 4129 Sallusti

226 4163 339 4233 verbis
362 4163 525 4230 simillima
559 4181 631 4231 esse
665 4162 822 4248 concedo,
854 4163 894 4230 cf.
919 4164 996 4232 Sall.
1021 4165 1117 4232 eatil.
1142 4172 1203 4250 5,4
1227 4167 1375 4251 ,ammos

228 4271 351 4348 audax,
384 4268 558 4352 subdolus,
589 4267 717 4336 varius“
742 4269 788 4334 nil
813 4274 922 4336 autem
945 4269 1111 4353 prohibet,
1144 4271 1313 4352 quominus
1336 4291 1376 4338 ea

231 4373 376 4442 Ciceroni
398 4369 590 4452 tribuamus,
614 4371 808 4454 praesertim
816 4390 903 4444 ,cum
926 4391 1009 4457 quae
1033 4379 1210 4455 sequuntur
1233 4373 1375 4442 aSallu·

227 4477 291 4548 stio
324 4475 520 4547 abhorreant
551 4494 623 4546 cum
646 4477 801 4546 Cicerone
833 4478 1047 4550 consentiant.
1091 4480 1182 4548 Inter
1214 4479 1374 4548 catilinae
