3292 5070
805 363 854 426 Is.

260 551 322 617 quo
355 535 396 601 de
425 533 602 614 conjuratis
632 532 823 615 supplicium
849 538 1008 613 sumptum
1043 537 1112 610 est,
1145 532 1303 600 accidisse
1327 553 1400 601 con·

258 631 381 716 tendit,
415 639 607 703 Plutarchus
629 657 763 719 vespere
795 638 863 718 ejus
897 638 960 701 dlei
984 657 1046 719 quo
1070 639 1199 702 tertiam
1224 640 1401 704 oratIonem

259 745 291 808 in
316 743 487 811 Catilinam
511 743 623 808 Cicero
648 742 769 807 habuit.
797 776 834 788 -
1313 795 1316 804 .

346 847 481 912 Omnino
507 866 545 911 ea
568 866 650 928 quae
680 847 842 926 incapite
869 851 908 911 35
934 847 1018 926 apud
1042 847 1176 910 Dionem
1200 851 1403 914 inveniuntur

259 951 388 1016 minime
402 950 589 1016 Ciceronem
610 950 768 1016 redolent.
803 951 864 1014 Dio
888 951 972 1014 enim
995 951 1209 1031 suspicionem
1232 951 1272 1016 de
1285 952 1402 1019 Crasso

260 1060 404 1120 exortam
428 1056 568 1136 exponit,
593 1073 686 1136 quam
711 1074 729 1118 a
754 1054 907 1119 Cicerone
930 1055 962 1117 in
987 1055 1402 1138 hypomnemate'praeter·

259 1160 390 1224 missam
422 1177 493 1224 esse
522 1177 621 1238 snpra
651 1157 952 1223 demonstravimus.
998 1158 1037 1221 cl.
1069 1159 1153 1224 Plut.
1185 1159 1291 1224 Crass.
1314 1161 1402 1225 XIII.

347 1263 458 1344 Neque
489 1261 656 1343 probabile
688 1268 739 1326 est
761 1261 860 1326 verba
886 1261 954 1346 „nel
978 1285 1054 1346 σφας
1078 1260 1258 1346 συνταράξας
1281 1261 1329 1326 καὶ
1352 1265 1404 1326 ἐκ·

260 1366 397 1451 φοβήσας
427 1363 527 1428 ἔπεισε
559 1365 588 1449 (ὁ
612 1361 765 1449 Κικέρων)
797 1363 925 1428 θάνατον
956 1371 1015 1428 τῶν
1048 1365 1288 1450 συνειλημμένων
1309 1390 1404 1430 κατα-

260 1469 390 1552 γνῶναι“
416 1470 562 1535 Ciceroni
585 1469 756 1535 tribuenda
779 1488 868 1553 esse,
901 1469 939 1534 cl.
964 1470 1048 1552 Plut.
1072 1469 1136 1534 Cic.
1161 1470 1245 1534 XXI.
1272 1467 1328 1553 „ccl
1352 1469 1403 1555 μὲν

259 1581 296 1659 τῇ
318 1572 447 1659 προτέρα
468 1569 506 1636 τὰ
529 1571 562 1635 δὲ
584 1578 621 1657 τῇ
643 1574 747 1657 γνώμῃ
773 1568 926 1657 Καίσαρος
952 1573 1117 1636 συνειπών“
1140 1576 1202 1637 κτλ.
1226 1610 1265 1621 -
1291 1576 1405 1640 Cicero

261 1679 346 1744 enim
377 1678 462 1744 omni
494 1677 588 1743 ruodo
620 1696 655 1742 se
688 1677 728 1742 ab
759 1677 834 1760 odio
862 1678 916 1743 illo
941 1675 1079 1741 llberare
1115 1684 1248 1742 conatus
1278 1683 1338 1742 est.
1361 1717 1403 1728 -

261 1783 316 1848 Sin
339 1789 445 1848 autem
469 1801 537 1846 rem
561 1800 686 1846 omnem
709 1788 855 1862 spectas,
887 1783 937 1845 vel
960 1800 1019 1862 per
1042 1801 1077 1847 se
1101 1783 1188 1846 credi
1214 1782 1264 1846 vix
1286 1787 1405 1864 potest,

262 1887 407 1963 Dionem,
431 1885 485 1967 qni
508 1885 655 1950 Ciceroni
677 1885 805 1949 mimine
829 1885 917 1949 favet
948 1889 980 1949 et
1003 1903 1132 1966 semper
1154 1884 1336 1967 obtrectat,
1371 1887 1403 1949 in

260 1988 491 2055 conscribenda
523 1988 741 2069 conjuratione
766 1988 956 2053 Catilinaria
988 2008 1066 2069 prae
1099 1990 1215 2052 ceteris
1248 2008 1286 2053 eo
1317 1988 1400 2054 llbro

259 2114 351 2162 usum
375 2113 463 2176 esse,
497 2094 529 2157 in
560 2113 623 2175 quo
658 2094 785 2174 seipse
809 2093 922 2158 Cicero
945 2095 1077 2158 summis
1102 2092 1251 2159 laudIbus
1275 2095 1403 2160 extulit.

262 2199 352 2264 Haec
374 2196 537 2262 sufficiant
560 2197 602 2262 ad
625 2196 831 2262 refutandam
855 2197 1010 2262 Thoureti
1034 2199 1237 2263 sententiam.

348 2303 453 2383 Supra
476 2302 613 2368 diximus
636 2302 749 2366 Dionis
772 2301 871 2367 verba
904 2322 985 2368 nunc
1008 2303 1194 2368 Ciceronem
1219 2308 1252 2367 et
1275 2304 1403 2368 Plutar-

254 2407 364 2494 chum,
388 2425 471 2471 nunc
488 2406 679 2471 Sallustium
703 2408 734 2471 in
758 2412 897 2471 mentem
921 2406 1013 2472 nobis
1035 2427 1197 2489 revocare,
1221 2426 1320 2488 quare
1344 2408 1404 2472 viri

261 2510 348 2576 docti
364 2510 559 2588 exIstimant,
583 2511 763 2590 complures
781 2511 955 2574 relationes
972 2530 1045 2574 eum
1060 2511 1272 2591 conjunxisse.
1308 2513 1403 2577 Prae·

259 2619 353 2680 terea
375 2615 435 2679 hoc
452 2614 623 2678 tenendum
648 2620 708 2688 est,
732 2615 885 2678 nonnulla
907 2632 965 2679 nos
988 2614 1072 2695 apud
1092 2615 1224 2679 Dionem
1248 2616 1403 2694 invenire,

260 2737 342 2801 quae
373 2737 476 2800 neque
512 2717 659 2783 Ciceroni
698 2722 732 2781 et
763 2717 937 2782 Plutarcho
976 2736 1077 2798 neque
1111 2716 1264 2781 Sallustio
1305 2717 1403 2783 tribui

259 2827 404 2902 possunt.
449 2809 522 2886 Etsi
551 2821 651 2902 igitur
683 2820 886 2885 concedimus
910 2821 1044 2885 Dionem
1068 2822 1248 2902 complures
1271 2830 1402 2887 autores

260 2925 457 3007 inspexisse,
489 2924 597 2989 facere
621 2942 682 2987 non
706 2941 876 3004 possumus
899 2925 973 3003 quin
996 2943 1164 3006 sumanus,
1195 2935 1326 3006 praeter
1349 2946 1404 2992 eos

261 3030 437 3110 scriptores
461 3046 540 3109 quos
563 3027 668 3091 adhuc
683 3027 894 3091 tractavimus
918 3027 1015 3091 alium
1038 3027 1160 3091 fontem
1174 3029 1266 3092 Dioni
1290 3028 1401 3107 fuisse,

263 3151 357 3215 quem
380 3131 525 3213 plerique
548 3131 673 3196 Livium
696 3131 870 3195 nominant.
1223 3117 1229 3126 ’

347 3235 456 3313 Quare
479 3235 662 3313 videamus,
698 3234 850 3315 numquid
885 3240 1016 3314 praeter
1046 3236 1197 3320 prodigia
1230 3237 1285 3301 illa
1317 3237 1401 3317 apud

261 3339 498 3422 Obsequentem
523 3346 676 3404 enarrata
699 3339 782 3402 hanc
807 3339 1001 3402 sententiam
1026 3338 1199 3404 confirmet.

347 3445 453 3525 Atque
469 3443 605 3524 primum
630 3441 758 3522 quidem
782 3442 821 3504 de
838 3441 950 3506 Dionis
973 3461 1093 3525 genere
1116 3442 1277 3508 scribendi
1302 3462 1404 3522 pauca

262 3547 398 3612 dicenda
432 3553 516 3611 sunt.
572 3544 667 3610 Dioni
698 3545 848 3610 continua
883 3550 915 3609 et
948 3554 1105 3626 perpetua
1136 3547 1321 3611 narratione
1350 3565 1404 3612 res

261 3653 422 3717 Romanas
447 3649 602 3715 tractanti
627 3668 699 3714 eum
722 3655 868 3714 autorem
895 3651 1048 3730 optimum
1071 3650 1191 3715 fontem
1214 3650 1324 3727 luisse,
1349 3651 1403 3731 qui

242 3755 376 3821 eodem
407 3754 501 3821 modo
536 3753 666 3834 scripsit
699 3771 792 3817 nemo
823 3752 963 3834 negabit.
1009 3755 1121 3835 ltaque
1151 3755 1183 3818 in
1208 3754 1404 3834 exponendis

263 3859 423 3924 Catilinae
436 3857 645 3939 temporibus,
669 3876 751 3938 quae
776 3857 860 3938 apud
885 3876 957 3922 eum
972 3858 1084 3924 ordine
1106 3877 1215 3923 rerum
1231 3858 1406 3941 diligenter

263 3971 390 4030 servato
423 3963 577 4045 legimus,
607 3979 710 4043 neque
742 3960 927 4026 Ciceronem
961 3980 1063 4042 neque
1087 3962 1274 4027 Sallustium
1303 3979 1406 4042 neque

262 4065 470 4132 Plutarchum
492 4066 680 4146 primarium
704 4066 817 4130 ducem
849 4063 911 4128 sibi
934 4065 1068 4146 elegisse
1092 4067 1237 4144 videtur,
1272 4083 1405 4147 quorum

261 4169 346 4235 ratio
387 4174 421 4233 et
453 4167 619 4233 consilium
656 4168 816 4234 scribendi
858 4188 877 4233 a
910 4168 1022 4248 Dionis
1052 4171 1145 4236 valde
1178 4168 1406 4236 abhorrebant.

262 4273 426 4339 Ciceronis
448 4272 607 4338 intererat
636 4279 670 4338 ut
693 4273 839 4339 omnibus
862 4274 965 4338 modis
987 4276 1121 4356 gloriam
1144 4294 1234 4340 suam
1259 4281 1405 4359 augeret,

262 4397 283 4443 a
316 4398 351 4445 se
379 4380 486 4444 omnia
515 4378 603 4446 lacta
636 4398 708 4446 esse
731 4379 987 4478 demonstraret3
1021 4400 1061 4446 ea
1093 4398 1176 4462 quae
1207 4379 1250 4446 ad
1280 4388 1407 4447 ceteros
