3292 5070
791 423 843 487 '40

254 587 364 659 Κάτων
380 590 441 676 ἤδη
466 595 571 675 σαφῶς
595 589 808 655 ἀνακαλύπτων
837 586 947 654 Κάτων
1063 595 1107 676 τῷ
1138 591 1219 677 λόγῳ
1249 591 1393 676 ’σφύδρως

241 695 307 782 ιτὴν
330 695 361 769 ἐς
383 692 432 759 τὸν
455 691 596 780 Καίσαρα
619 694 756 782 ὑποψίαν.
839 693 1046 780 συνεπερείσας
1081 693 1130 758 ἐπί
1167 695 1216 760 τύν
1255 691 1397 778 Καίσαρα

823 797 891 883 ρτὴν
915 799 1064 864 ὑπόνοιαν.

343 901 454 980 Qualis
477 907 529 966 est
551 901 720 968 verborum
743 905 932 971 concentus!

343 1006 454 1089 Neque
478 1026 555 1073 vero
570 1025 697 1090 semper
713 1014 844 1074 autores
868 1009 952 1073 inter
977 1028 1012 1074 se
1029 1028 1203 1090 congruere
1228 1009 1289 1073 viri
1312 1008 1398 1074 docti

257 1117 388 1176 monent
402 1111 437 1193 ¹).
484 1112 656 1192 Appianas.
681 1131 749 1192 cop.
774 1118 802 1177 6.
824 1113 926 1178 tradit
940 1113 1129 1178 Ciceronem
1151 1119 1301 1180 metune
1324 1131 1398 1177 con-

255 1214 436 1295 jmatorum
452 1215 541 1294 socii,
565 1233 698 1296 quorum
714 1216 807 1281 multi
830 1217 862 1280 in
885 1217 955 1282 foro
973 1215 1115 1296 stabant,
1140 1224 1235 1281 noctu
1254 1217 1399 1297 captivos

257 1316 399 1382 liberare
423 1327 633 1400 conarentur,
667 1339 737 1385 cum
762 1320 885 1386 Catone
909 1322 1069 1404 suasisse,
1102 1327 1138 1386 ut
1161 1321 1271 1386 statim
1294 1322 1334 1386 de
1358 1321 1399 1385 iis

258 1421 448 1502 supplicium
472 1427 662 1487 sumeretur.
701 1422 784 1488 Sane
807 1425 888 1488 haec
912 1426 1098 1506 discrepant
1121 1444 1193 1490 cum
1215 1424 1399 1506 Plutarcho,

259 1529 294 1588 at
310 1530 445 1605 possunt
457 1525 603 1591 Ciceroni
620 1526 744 1592 tribui?
780 1529 876 1593 Falso
890 1530 1053 1610 ¹Appianas
1067 1529 1198 1594 Catonis
1221 1528 1399 1593 orationem

167 1647 171 1656 ·
259 1633 334 1693 ante
357 1629 536 1694 orationem
559 1630 722 1696 Ciceronis
740 1632 848 1712 ponit,
874 1631 957 1698 falso
980 1633 1166 1698 Ciceronem
1191 1630 1304 1696 eadem
1327 1650 1400 1696 cen·

251 1732 363 1808 ¹suisse
387 1751 470 1813 quae
493 1733 574 1800 Cato
597 1742 767 1800 censuerat
790 1737 965 1801 contendit.
1004 1736 1045 1800 cl.
1063 1735 1113 1800 ad.
1131 1738 1199 1800 Att.
1216 1735 1287 1801 XII.
1304 1741 1355 1813 21,
1373 1741 1399 1799 l.

211 1858 213 1864 ¹
260 1835 315 1901 uhi
339 1836 452 1903 Cicero
476 1857 572 1918 aegre
595 1838 679 1922 fert,
708 1841 791 1921 quod
814 1859 930 1922 parum
953 1841 1060 1904 laudis
1082 1839 1143 1904 sihi
1178 1861 1197 1904 a
1220 1840 1321 1904 Bruto
1343 1841 1401 1904 tri-

192 2003 195 2010 .
255 1938 390 2018 huntur.
437 1942 516 2026 ,sed
538 1943 608 2024 ipse
632 1945 749 2009 viderit
765 1944 925 2027 (Brutus),
948 1963 1138 2026 quamquam
1161 1945 1239 2009 illud
1262 1944 1413 2024 turpiter

259 2044 397 2126 ignorat.
445 2046 599 2112 Catonem
622 2049 760 2130 primum
790 2049 985 2114 sententiam
1014 2055 1108 2129 putat
1137 2050 1178 2114 de
1201 2048 1401 2113 animaduer-

260 2149 350 2216 sione
375 2149 494 2216 dinisse
521 2200 637 2217 ......
661 2171 717 2217 cnr
741 2172 816 2234 ergo
839 2154 870 2216 in
895 2154 1090 2218 sententiam
1113 2153 1269 2218 Catonis?
1293 2199 1405 2216 ......

262 2272 313 2319 me
336 2259 443 2320 antem
466 2255 519 2321 hic
541 2256 665 2339 laudat,
686 2257 771 2338 quod
787 2257 967 2323 rettulerim
991 2276 1054 2323 non
1078 2256 1162 2338 quod
1184 2255 1402 2338 patefecerim,

263 2357 451 2436 cohortatus
475 2359 565 2422 sim.“

349 2460 444 2526 Unde
466 2461 567 2545 igitur
590 2461 713 2529 effluxit
746 2482 838 2528 error
861 2462 1022 2544 Appiani?
1068 2463 1141 2528 Mea
1170 2461 1298 2545 quidem
1332 2480 1404 2526 sen·

263 2566 368 2633 tentia
390 2567 607 2650 negligentiae
631 2575 664 2632 et
679 2569 806 2634 levitati
829 2569 997 2648 scriptoris
1012 2566 1202 2633 tribuendus
1227 2572 1286 2650 est,
1310 2584 1403 2647 quem

262 2687 379 2753 parum
401 2676 552 2735 accurate
575 2670 681 2736 fontes
703 2672 904 2752 excerpsisse
926 2672 987 2736 viri
1011 2672 1096 2736 docti
1112 2671 1280 2752 permultis
1299 2689 1404 2736 exem-

261 2773 326 2854 plis
349 2772 658 2840 demonstraverunt.
695 2775 763 2840 Hoc
787 2793 911 2856 quoqne
934 2775 1004 2840 loco
1028 2777 1217 2856 Appianum,
1242 2775 1297 2857 qui
1320 2793 1404 2840 sum·

264 2877 379 2941 metim
401 2875 544 2942 scribere
568 2879 660 2961 solet,
683 2879 827 2956 ordinem
850 2898 976 2958 rerum,
1007 2898 1098 2960 quem
1123 2879 1315 2944 Plutarchus
1338 2897 1405 2942 ser.-

266 2981 353 3048 vavit
375 2979 601 3062 conturbasse,
633 2981 733 3048 uerba
756 2984 873 3048 docent
896 2983 950 3064 qui
973 2982 1091 3064 partim
1124 3001 1141 3047 e
1163 2981 1338 3048 Plutarcho
1361 2981 1407 3046 vi-

266 3083 385 3151 dentur
406 3090 628 3166 transsumpta
652 3103 734 3152 esse.
780 3084 819 3151 cf.

478 3190 559 3269 App.
583 3192 612 3254 6.
1022 3189 1105 3254 Plut.
1128 3186 1229 3252 XXII.

310 3287 362 3354 καί
391 3292 408 3353 δ
443 3287 580 3376 Κικέρων
612 3291 718 3364 δεδιὼς
747 3290 826 3376 ἀμφὶ
896 3292 974 3378 ὁρῶν
998 3289 1031 3354 δὲ
1054 3292 1083 3377 (ὁ
1106 3288 1256 3377 Κικέρων)
1279 3287 1407 3360 πολλοὺς

267 3397 305 3480 τῇ
327 3392 409 3459 νοκτί
431 3395 594 3481 προσιούσῃ
619 3394 660 3480 μὴ
683 3393 716 3459 τὸ
740 3419 826 3460 σονε-
854 3395 896 3459 ἔτι
933 3402 986 3480 τῆς
1022 3395 1209 3480 συνωμοσίας
1244 3395 1275 3459 ἐν
1313 3395 1409 3479 ἀγορᾷ

267 3498 380 3584 γνωκύς
403 3500 463 3572 τοῖς
480 3498 603 3585 ἀνδράσι
617 3501 733 3586 πλῆθος
750 3501 826 3564 ulco-
855 3505 1038 3571 συνεστῶτας
1066 3499 1196 3584 ἀθρόους
1232 3546 1405 3561 ...........

269 3604 408 3690 ρούμενον
452 3602 495 3667 ἔτι
534 3608 598 3666 κατ’
629 3601 738 3690 ἀγορὰν
775 3601 827 3668 καί
853 3604 906 3690 τὴν
939 3602 972 3667 δὲ
1000 3602 1089 3668 νύκτα
1119 3602 1336 3690 προσμένοντας
1368 3606 1409 3674 ὡς

271 3708 367 3782 δεδιὸς
397 3707 463 3796 περί
494 3732 526 3772 τε
549 3713 633 3795 σφῶν
656 3707 753 3773 αὐτῶν
775 3706 827 3772 καί
853 3708 897 3773 ἔτι
921 3711 1040 3781 ζώντων
1062 3713 1120 3773 τῶν
1144 3708 1259 3792 ἀνδρῶν
1284 3705 1333 3772 καί
1357 3709 1407 3769 δο-

269 3810 337 3900 περί
359 3811 479 3878 ἐκείνων
502 3811 665 3898 ἐργάσηταί
695 3838 723 3877 τι
754 3811 827 3877 ἅτο-
853 3813 989 3900 νομένων
1012 3812 1244 3898 ἐξαρπασθῆναι.
1275 3849 1308 3860 -

270 3941 334 3982 πον.
359 3952 401 3963 -

315 4020 439 4084 ἕκαστον
463 4020 560 4085 αὐτῶν
589 4023 604 4083 ὁ
628 4017 764 4107 Κικέρων
797 4022 827 4093 ἐς
897 4019 1052 4103 γενόμενος
1068 4014 1140 4105 πρὸς
1152 4025 1195 4103 τῷ
1212 4013 1409 4100 δεσμωτηρίῳ

270 4123 303 4189 τύ
327 4127 531 4210 δεσμωτήριον
547 4125 723 4210 μεταγαγὼν
746 4126 827 4189 ἐπεῖ·
856 4172 949 4186 .....
973 4127 1032 4186 τῶν
1055 4121 1153 4186 ἄλλων
1171 4121 1294 4185 ἕκαστον
1316 4142 1411 4182 κατα-

273 4232 322 4294 δεν
345 4229 597 4314 ἀποθνήσκοντας.
854 4228 955 4311 γαγὼν
979 4226 1156 4291 ἀπέκτεινεν.

275 4504 279 4511 -
347 4465 379 4536 1),
392 4465 560 4525 Bureschins
578 4483 625 4536 μς.
644 4465 705 4520 230.
742 4462 850 4518 Ddbius
870 4463 931 4517 8l0.
