3292 5070
781 429 821 494 29

223 600 315 670 missi
337 605 431 668 erant
453 618 551 668 unum
575 601 612 680 Q.
628 600 797 666 Metellum
819 599 963 666 nominat
986 617 1103 684 ,quem
1125 617 1187 684 ego
1210 598 1270 665 hoc
1293 619 1369 682 pro-

228 705 367 787 spiciens
390 706 422 770 in
445 724 557 788 agrum
574 698 734 772 Gallicum
747 704 963 786 Picenumque
977 703 1164 785 praemisit
1209 703 1373 770 Firmissi-

228 828 280 875 mo
302 809 467 891 praesidio
481 809 732 877 lorussimorum
754 809 895 876 virorum
918 827 954 874 se
969 827 1062 875 usum
1078 825 1149 874 esse
1167 807 1279 875 Cicero
1302 809 1374 890 ipse

229 913 445 997 compluribus
467 915 548 982 locis
570 919 713 981 testatur
737 913 776 980 11.
800 932 859 996 pro
882 914 963 979 Mur.
989 916 1040 989 52,
1063 931 1121 994 pro
1145 912 1234 979 Sulla
1257 917 1308 978 11.
1333 915 1373 979 de

228 1018 336 1084 verbis
374 1014 554 1105 „Kuuhiuuc
683 1019 815 1104 ἐκπηδᾶν
852 1015 963 1101 ἔγνω“.
1008 1017 1048 1083 cf.
1083 1019 1116 1081 in
1150 1015 1246 1083 Catil.
1279 1016 1319 1096 Il,
1346 1025 1372 1083 l.

231 1125 365 1210 ,evasit
390 1124 529 1207 erupit-‘t

316 1228 452 1312 Reliqua
486 1228 582 1311 hujus
617 1229 734 1312 capitis
774 1233 868 1310 parte
902 1228 936 1291 in
969 1224 1141 1291 discrimen
1174 1224 1373 1310 vocamur1),

155 1315 158 1322 λ
231 1334 337 1400 omnia
360 1352 436 1399 vero
459 1338 528 1398 tam
550 1337 622 1399 arte
641 1333 826 1411 cohaerent,
848 1335 885 1397 ut
901 1329 1011 1396 divelli
1027 1329 1079 1396 uix
1092 1330 1227 1411 possint.
1261 1330 1377 1396 Tradit

227 1438 421 1505 Plutarchus
445 1437 617 1505 Catilinam
640 1437 777 1504 Marcio!
803 1441 836 1502 et
856 1436 1000 1518 Cethego
1022 1435 1206 1518 mandasse,
1230 1442 1266 1501 ut
1282 1436 1374 1508 Cicer

230 1561 342 1610 ronem
375 1541 613 1622 interficerent,
649 1542 822 1609 Sallustius
855 1541 1039 1636 Cornelium
1072 1546 1106 1606 et
1141 1541 1375 1625 Vargunteium

230 1649 384 1713 nominat.
431 1647 471 1713 cf.
497 1647 562 1714 Cic.
592 1647 626 1712 in
648 1647 743 1713 Catil.
767 1635 840 1712 19.
876 1646 1019 1732 ,reperti
1048 1651 1124 1712 sunt
1153 1645 1216 1712 duo
1250 1647 1377 1729 equites

230 1750 398 1832 Romani“,
433 1757 548 1835 postea
582 1752 765 1818 Cornelium
799 1752 952 1834 nominat,
987 1769 1047 1832 pro
1077 1749 1167 1815 Sulla
1205 1755 1376 1831 181152,

231 1857 415 1941 Varguntei
437 1874 564 1940 quoque
585 1857 782 1926 mentionem
810 1857 890 1923 facit
918 1856 1077 1923 nonnullis
1101 1856 1191 1935 locis,
1221 1856 1280 1922 sed
1303 1875 1378 1923 nus-

232 1954 328 2043 quam
358 1961 418 2027 hoc
450 1960 610 2047 flagitium
644 1963 714 2044 ejus
748 1967 986 2028 commemorat.
1037 1960 1205 2026 Plutarchi
1234 1961 1377 2027 Marcius

233 2065 362 2130 omnino
384 2066 516 2150 ignotus
539 2073 601 2149 est,
622 2067 962 2148 qua1·e.c0rruptelam
983 2066 1035 2131 hic
1059 2070 1187 2131 exstare
1204 2066 1377 2132 verisimile

233 2175 294 2248 est,
327 2169 413 2235 unde
448 2169 627 2256 Cethegum
661 2171 838 2253 sumpserit
871 2170 934 2236 dici
964 2188 1027 2235 non
1049 2175 1175 2252 potest.
1221 2171 1379 2253 Equidem

234 2291 378 2340 errorem
394 2274 561 2341 Plutarchi
584 2276 759 2342 notandum
775 2293 848 2342 esse
863 2293 989 2351 censeo,
1013 2293 1087 2340 nam
1104 2275 1166 2340 etsi
1183 2275 1379 2356 conceditur,

234 2378 422 2445 Ciceronem
437 2397 500 2445 non
516 2378 638 2445 fontem
653 2399 735 2464 esse,
747 2380 799 2446 cui
814 2381 919 2446 autori
935 2380 1018 2444 hunc
1034 2379 1159 2460 lapsum
1175 2378 1378 2447 tribuamus?

320 2483 412 2570 Quod
436 2484 478 2550 ad
500 2489 628 2567 tempus
651 2486 758 2552 conati
787 2481 905 2552 nefarii
928 2485 1055 2568 attinet,
1086 2484 1281 2551 Plutarchus
1304 2504 1378 2551 con-

236 2589 370 2656 tradicit
392 2589 565 2674 Sallustio,
593 2591 648 2673 qui
677 2591 757 2656 illud
781 2597 857 2658 ante
878 2591 910 2658 S.
935 2591 969 2657 C.
992 2591 1140 2657 ultimum
1162 2592 1271 2673 ponit,
1305 2610 1379 2657 con·

237 2696 338 2761 sentit
361 2713 433 2761 cum
457 2695 620 2761 Cicerone.
665 2695 705 2761 11.
729 2696 762 2761 11
779 2696 874 2762 01111.
897 2696 939 2762 Il.
959 2701 1009 2761 12.
1034 2697 1209 2780 ,hesterno
1233 2696 1285 2762 die
1309 2716 1391 2763 cum·
1430 2767 1433 2772 ,

235 2800 323 2868 domi
356 2818 447 2866 meae
479 2819 582 2882 paene
616 2800 810 2868 interiectus
845 2801 982 2868 essem.“
1038 2801 1155 2868 Cetera
1190 2820 1315 2884 quoque
1338 2802 1381 2867 ad

236 2903 425 2971 Sallustium
440 2904 558 2971 referri
574 2924 636 2971 non
651 2913 796 2992 possunt,
813 2907 954 2974 dilucide
966 2912 1115 2990 spectant
1128 2906 1170 2972 ad
1183 2907 1379 2990 Ciceronem,

236 3008 271 3074 in
293 3011 363 3075 Cat.
387 3010 428 3075 Il.
448 3014 498 3075 12.

236 3113 252 3174 ὁ
271 3109 409 3198 Κικέρων
430 3113 485 3199 τὴν
507 3115 671 3200 σύγκλητον
695 3115 737 3188 εἰς
761 3113 971 3186 adisenatum
1000 3117 1034 3183 in
1057 3117 1170 3184 aedem
1194 3085 1284 3183 Jovis
1306 3117 1380 3186 Sta·

235 3220 287 3282 τοῦ
310 3217 438 3303 Στησίου
462 3217 532 3292 Διὸς
557 3219 632 3305 ἱερὸν
655 3218 756 3284 ἐκάλει
806 3189 1038 3306 1101111011νί

235 3339 408 3413 Sallustius
437 3347 569 3412 Xllllll.
600 3366 659 3430 pro
691 3347 811 3429 templo
843 3349 965 3415 curiam
991 3348 1099 3416 hahet.
1144 3352 1255 3436 Lagus
1285 3355 1381 3433 putat

235 3448 301 3532 (pg.
326 3451 382 3535 89)
412 3451 621 3518 Plutarchum
654 3471 694 3518 ea
727 3451 827 3518 verba
863 3472 945 3537 quae
977 3453 1018 3519 de
1057 3456 1169 3537 templi
1207 3456 1271 3521 situ
1303 3455 1383 3522 facit

237 3573 255 3621 e
288 3555 460 3640 peregrino
488 3555 579 3621 fonte
612 3557 828 3638 excerpsisse,
858 3577 960 3640 neque
988 3559 1072 3625 enim
1102 3559 1246 3626 futurum
1281 3560 1382 3627 fuisse

104 3749 107 3756 Ι
237 3665 275 3727 ut
297 3661 493 3727 domesticus
516 3667 611 3727 autor
634 3680 703 3728 rem
733 3669 884 3729 narraret
906 3663 1054 3730 omnihus
1077 3665 1230 3752 Romanis
1262 3669 1382 3731 notam.

239 3764 319 3843 Quis
343 3770 450 3832 autem
473 3784 535 3831 non
559 3767 720 3850 intelligit,
743 3768 806 3849 ipsi
821 3768 996 3835 Plutarcho
1016 3770 1097 3836 haee
1113 3769 1286 3837 tribuenda
1302 3789 1401 3851 esse,¹

243 3870 297 3951 qni
328 3870 449 3936 Romae
481 3870 590 3937 fuerat
621 3876 656 3937 et
686 3871 820 3938 Graecis
851 3891 904 3939 res
938 3873 1101 3942 Romanas
1134 3876 1296 3957 explicare
1330 3894 1386 3942 vo·

239 3971 355 4040 lebat?
381 4011 416 4023 -
443 3975 691 4058 Conjuratorum
714 3977 894 4059 complures
917 3998 990 4045 cum
1013 3980 1154 4046 Catilina
1182 3982 1214 4045 in
1238 3986 1386 4047 senatum

239 4079 376 4159 uenisse,
401 4079 515 4145 Cicero
537 4085 690 4162 testatur,
713 4082 747 4146 in
770 4082 863 4149 Catil.
887 4084 912 4149 l.
929 4089 959 4150 8.
1003 4091 1177 4169 praeterea
1201 4084 1240 4153 ci.

313 4314 339 4386 1)
367 4314 461 4385 Lagus
480 4333 528 4385 pg.
548 4315 593 4372 86.
617 4315 705 4372 sumit
722 4317 907 4374 Plutarchum
927 4336 942 4375 e
961 4320 1154 4391 compluribus
1172 4320 1299 4376 fontibus
1316 4321 1385 4377 hau·

240 4404 317 4470 11111.
360 4404 590 4463 Weiasaeolrerus
619 4408 649 4464 11
676 4407 844 4466 Burarohim
872 4408 1057 4467 difficultates
1084 4411 1233 4468 nonnullas
1260 4413 1386 4483 praeter·

243 4493 391 4552 miserant.
