3292 5070
786 489 828 552 49

234 663 400 746 pertinent
415 660 603 728 brevissime
628 659 812 724 aOicerone
836 665 1137 742 commemorantur,
1160 660 1270 741 itaque
1292 659 1378 742 apud

234 768 442 834 Plutarchum
465 785 590 851 quoque
607 765 719 831 Cicero
743 764 789 829 its
813 764 934 845 primas
958 770 1069 845 partes
1092 763 1172 850 agit,
1196 770 1232 830 ut
1255 764 1379 847 reliqua

233 872 338 938 minus
361 877 512 938 accurate
529 870 621 936 nobis
645 875 827 935 narrentur.
863 867 1052 934 Sallustium
1064 888 1140 934 vero
1160 871 1191 934 in
1208 869 1378 934 scribendo

234 976 266 1041 id
285 982 461 1059 spectasse,
478 983 514 1042 ut
526 975 697 1040 excellenti
712 974 856 1055 exemplo
868 975 1115 1053 demonstraret,
1133 975 1290 1057 quomodo
1299 992 1378 1055 pau·

233 1082 325 1146 latim
355 1100 407 1147 res
438 1081 568 1163 publica
599 1081 769 1144 immutata
803 1097 842 1143 ex
873 1078 1090 1159 pulcherrima
1129 1083 1226 1160 atque
1256 1079 1379 1160 optima

233 1207 383 1269 pessuma
414 1208 451 1254 ac
474 1187 729 1273 flagitiosissima
759 1186 846 1251 facta
870 1193 975 1264 esset,
1008 1185 1109 1266 ipsius
1134 1186 1231 1252 verba
1254 1187 1378 1252 docent.

235 1293 337 1372 Quum
358 1295 462 1378 igitur
491 1294 522 1359 in
548 1292 769 1359 describendis
798 1291 846 1356 rei
877 1291 1026 1372 publicae
1051 1290 1311 1370 condicionibus,
1346 1292 1379 1356 in

232 1399 401 1481 pingendis
425 1400 587 1466 hominum
616 1399 777 1476 moribus,
812 1397 845 1461 in
869 1397 1096 1478 componendis
1120 1397 1320 1462 orationibus
1344 1401 1378 1462 et

234 1503 381 1584 epistolis
417 1522 573 1570 summam
606 1521 739 1584 operam
774 1507 928 1583 poneret,
960 1499 1030 1565 fieri
1058 1520 1121 1565 non
1151 1502 1274 1583 potuit,
1304 1502 1379 1583 quin

234 1608 328 1673 Dioni
350 1608 506 1674 minorem
529 1608 667 1674 fructum
691 1605 874 1690 praeberet.
900 1643 941 1653 -

324 1711 411 1789 Quae
436 1712 475 1778 de
505 1714 612 1796 priore
644 1711 865 1794 conjuratione
890 1710 1036 1787 exhibet,
1068 1711 1204 1778 Dionem
1227 1709 1382 1776 Sallustio

235 1816 354 1883 debere
383 1819 482 1883 sumit
504 1815 707 1900 Grashofius,
738 1817 796 1883 sed
819 1817 1029 1898 inspiciamus
1053 1823 1199 1882 autorem
1221 1823 1378 1882 nostrum.

236 1921 387 2006 Legimus
410 1923 442 1986 in
467 1921 541 1987 libri
565 1927 605 1987 36
630 1923 736 2003 capite
755 1927 807 2003 44,
832 1921 955 1987 Sullam
980 1927 1014 1986 et
1025 1921 1214 1988 Autronium
1238 1919 1379 1987 ambitus

235 2025 404 2092 damnatos
436 2033 641 2092 accusatores
665 2026 793 2092 Cottam
824 2033 858 2092 et
881 2027 1079 2108 Torquatum
1109 2025 1255 2092 consules
1277 2026 1378 2091 inter·

234 2127 330 2196 ficere
347 2138 478 2197 conatos
502 2150 583 2210 esse,
608 2131 792 2213 adjunxisse
816 2129 879 2196 sibi
892 2131 1074 2213 Catilinam,
1097 2131 1256 2214 Pisonem,
1279 2130 1379 2209 alios;

236 2253 337 2315 neque
369 2255 445 2300 vero
468 2236 592 2302 lacinus
615 2243 787 2318 patrasse,
822 2255 897 2300 nam
920 2236 1063 2302 consiliis
1093 2236 1157 2302 illis
1180 2237 1379 2318 pervulgatis

237 2339 419 2406 consulibus
455 2360 474 2405 a
507 2347 623 2406 senatu
654 2341 852 2423 praesidium
884 2339 995 2405 datum
1026 2358 1108 2406 esse.
1163 2338 1245 2417 Quin
1280 2340 1376 2406 etiam

235 2442 377 2510 futurum
400 2444 499 2511 luisse
522 2450 558 2510 ut
574 2446 605 2511 S.
622 2445 656 2511 C.
682 2451 793 2511 contra
809 2445 995 2526 conjuratos
1017 2443 1121 2526 fieret,
1145 2444 1205 2510 nisi
1228 2443 1378 2512 tribunus

235 2549 341 2629 plebis
372 2551 618 2616 intercessisset.
666 2551 757 2616 Unde
787 2552 867 2615 haec
898 2551 1034 2632 sumpsit
1057 2551 1142 2616 Dio?
1185 2550 1379 2617 Plutarchus

235 2658 342 2734 tacet,
374 2654 486 2720 Cicero
516 2654 637 2720 Sullam
671 2652 712 2720 ab
746 2654 819 2720 odio
854 2653 1084 2735 conjurationis
1120 2653 1207 2720 illius
1238 2652 1379 2720 liberare

235 2765 370 2823 conatus
393 2764 453 2838 est,
478 2758 651 2824 Sallustius
674 2763 782 2822 autem
813 2758 866 2840 qui
890 2776 962 2822 eam
986 2758 1117 2838 exponit
1140 2775 1257 2841 ,quam
1278 2759 1377 2825 veris·

234 2862 343 2927 sumc“
368 2881 470 2944 neque
494 2862 614 2928 Sullam
647 2863 731 2927 inter
761 2862 894 2929 sceleris
923 2861 1028 2927 socios
1057 2879 1161 2943 neque
1185 2861 1314 2928 Cottam
1344 2867 1379 2927 et

236 2967 431 3049 Torquatum
455 2974 661 3034 accusatores
685 2969 843 3047 nominat,
875 2987 978 3049 neque
1009 2974 1142 3033 senatus
1166 2967 1304 3034 consulti
1326 2967 1377 3033 cui

237 3073 422 3138 intercessit
451 3071 599 3139 tribunus
621 3074 817 3139 mentionem
846 3072 926 3139 lacit
959 3091 1017 3138 nec
1047 3073 1087 3138 de
1119 3072 1208 3138 exitu
1230 3072 1377 3154 conjura·

234 3177 333 3242 tionis
355 3196 427 3244 cum
448 3177 551 3243 Dione
575 3179 743 3243 consentit.
786 3178 847 3242 Dio
870 3196 932 3243 non
957 3183 1187 3242 commemorat
1209 3177 1295 3260 quod
1316 3179 1377 3243 As·

235 3282 355 3366 conius,
378 3301 431 3367 pg.
457 3287 508 3361 83,
532 3289 565 3347 et
589 3283 772 3366 Sallustius,
796 3283 892 3349 Catil.
919 3284 1005 3365 las
1030 3283 1180 3362 tradunt,
1214 3281 1315 3349 luisse
1338 3301 1376 3348 eo

236 3395 395 3470 tempore,
427 3388 482 3470 qui
505 3390 676 3454 crederent
702 3389 852 3454 Pisonem
882 3409 901 3454 a
924 3388 1056 3470 Pompei
1089 3388 1260 3456 clientibus
1282 3388 1376 3455 Pom·

233 3492 307 3575 peio
330 3512 391 3558 non
415 3495 514 3558 invito
537 3494 734 3559 trucidatum
756 3511 838 3558 essa.
883 3493 952 3558 Hoc
976 3493 1018 3558 ad
1041 3493 1166 3558 Livium
1190 3500 1327 3578 spectat,
1349 3494 1378 3561 si

233 3597 311 3663 licet
334 3598 381 3663 uti
404 3607 592 3681 argumento
615 3618 633 3664 e
656 3598 797 3681 silentio,
820 3617 913 3680 quem
937 3597 1089 3678 Pompeio
1114 3597 1279 3665 studuisse
1302 3615 1376 3664 con-

232 3707 311 3781 stat,
336 3703 425 3784 cujus
446 3703 628 3785 periochae,
655 3709 725 3784 101,
749 3702 831 3768 bene
854 3707 1036 3786 congruunt
1058 3719 1131 3767 cum
1153 3701 1256 3767 Dione
1280 3720 1376 3787 ,con-

231 3807 352 3888 juratio
380 3825 490 3872 eorum
520 3808 572 3889 qui
604 3807 636 3870 in
666 3806 822 3889 petitione
852 3806 1038 3872 consulatus
1062 3803 1201 3872 ambitus
1232 3807 1377 3873 damnati

235 3919 328 3980 erant
349 3911 438 3978 facta
459 3912 499 3977 de
522 3910 753 3978 interficiendis
776 3911 960 3977 consulibus
982 3929 1138 4002 oppressa
1161 3911 1242 3978 est.“

230 4065 235 4070 -
321 4019 357 4082 ln
391 4018 497 4099 capite
523 4022 562 4082 10
593 4017 668 4081 libri
691 4022 730 4082 37
762 4016 824 4081 Dio
856 4024 970 4082 narrat
1004 4015 1176 4082 Catilinam
1197 4017 1313 4104 Figulo
1343 4024 1377 4084 et

236 4123 376 4189 (lassare
409 4120 592 4187 consulibus
629 4140 719 4188 reum
750 4121 836 4188 inter
873 4121 1009 4188 sicarios
1041 4120 1161 4187 lactum
1193 4122 1377 4190 absolutum

235 4244 325 4307 esse,
354 4226 479 4291 Livium
503 4243 628 4307 quoque
651 4232 779 4292 servato
803 4232 983 4307 temporum
1013 4225 1124 4291 ordine
1154 4245 1192 4293 ea
1222 4246 1305 4309 quae
1335 4228 1377 4294 ad

233 4333 408 4398 Catilinam
429 4330 637 4412 pertinebant
657 4333 831 4397 memoriae
855 4329 1038 4412 prodidisse
1062 4331 1157 4396 docet
1173 4331 1307 4399 Orosius
1318 4333 1377 4413 Vl,

237 4440 267 4516 8,
283 4442 308 4501 1.
351 4436 484 4522 ,eodem
507 4455 590 4501 anno
614 4435 657 4519 (a.
680 4454 708 4502 u.
734 4441 809 4514 681)
834 4435 920 4516 apud
941 4436 1075 4500 Romam
1099 4434 1239 4501 Catilina
1261 4436 1378 4503 incesti

238 4547 417 4627 accusatus,
441 4541 525 4622 quod
547 4559 619 4608 cum
633 4540 741 4608 Fabia
764 4541 886 4624 virgine
901 4539 1022 4606 Vestae
1040 4539 1239 4608 commisisse
1262 4558 1379 4627 argue·
