3292 5070
787 441 821 502 ll

324 605 371 670 De
394 606 551 688 petitione
576 608 761 674 consulatus
783 607 913 675 uberius
946 627 1016 674 eum
1042 610 1149 694 egisse
1174 609 1373 679 crediderim.

238 709 326 787 Quae
350 711 466 775 deinde
490 713 680 790 narraverit,
705 731 721 777 c
747 713 870 779 duobus
893 714 992 792 locis,
1016 715 1068 778 ad.
1094 715 1235 781 Atticum
1249 716 1288 780 11.
1312 721 1374 795 1‚3

237 820 270 879 et
291 815 323 878 in
347 816 496 880 Pisonem
519 816 537 899 ἓ
563 820 661 894 3-7,
696 816 843 901 intellegi
865 823 993 900 potest,
1028 818 1083 883 ubi
1107 820 1220 885 Cicero
1243 821 1376 904 egregie

238 918 323 984 lacta
340 920 523 985 consulatus
547 921 597 985 sui
613 920 755 985 breviter
772 923 911 1005 exponit,
935 923 1099 989 orationes
1122 923 1162 989 de
1185 925 1256 1007 lege
1279 943 1376 1009 agra-

237 1023 296 1101 ria,
320 1043 378 1105 pro
394 1024 531 1103 Othone,
555 1044 613 1106 pro
626 1024 769 1107 Rabirio,
793 1027 833 1090 de
855 1027 1106 1107 proscriptorum
1130 1025 1214 1107 liliis,
1238 1027 1279 1093 de
1301 1047 1376 1110 pro·

238 1128 551 1210 vinciadeponenda.
577 1165 620 1178 -
643 1130 707 1195 Sed
732 1132 811 1196 haec
834 1133 926 1212 quasi
950 1133 1103 1212 prooemii
1128 1133 1230 1198 locum
1251 1132 1377 1199 obtine·

238 1233 326 1315 bant,
349 1235 587 1299 ornatissimam
612 1242 645 1299 et
661 1235 930 1316 speciosissimam
953 1235 1029 1300 libri
1051 1243 1177 1317 partem
1191 1238 1376 1304 Ciceronem

239 1342 449 1422 conjurationi
475 1342 632 1407 Catilinae
656 1343 840 1423 patefactae
864 1352 897 1409 et
920 1363 1095 1425 oppressae
1118 1345 1281 1429 tribuisse,
1305 1347 1376 1427 quis

239 1451 299 1528 est,
323 1447 397 1527 quin
415 1446 597 1512 concedat?
633 1447 799 1528 Epilogum
816 1448 1072 1531 hypomnematis
1095 1449 1174 1514 illud
1195 1451 1249 1531 jns
1264 1450 1376 1531 juran-

239 1552 313 1617 dum
337 1551 435 1616 fuisse
467 1551 506 1615 de
538 1570 599 1632 quo
624 1569 721 1632 saepe
744 1552 902 1632 gloriatur
926 1554 1059 1632 Cicero,
1094 1553 1154 1618 viri
1179 1555 1264 1619 docti
1287 1559 1377 1619 recte

238 1660 353 1737 putant
380 1656 402 1740 ).
449 1656 488 1720 cf.
513 1655 553 1720 ad
578 1655 652 1720 iam.
672 1656 708 1720 V.
738 1663 763 1720 1.
788 1663 808 1720 4
832 1663 865 1721 11
887 1659 919 1721 in
938 1658 1087 1723 Pisonem
1111 1659 1174 1742 56,
1201 1678 1280 1742 ,ego
1304 1677 1377 1724 cum

238 1763 270 1826 in
294 1761 444 1826 concione
478 1760 589 1824 abiens
623 1762 819 1845 magistratu
849 1782 868 1826 a
898 1762 1027 1828 tribuno
1050 1762 1156 1844 plebis
1177 1762 1377 1846 prohiberer,

241 1885 280 1931 ea
302 1883 384 1946 quae
399 1867 628 1929 constitueram
652 1865 770 1946 dicere,
795 1885 865 1930 cum
889 1867 916 1930 is
939 1866 1016 1930 mihi
1039 1873 1164 1932 tantum
1188 1867 1378 1948 utjurarcm

239 1971 453 2053 permitteret,
478 1970 546 2034 sine
569 1970 636 2034 ulla
652 1968 853 2036 dubitatione
872 1972 989 2051 juravi,
1013 1970 1255 2052 rempublicam
1280 1978 1378 2053 atque

240 2077 321 2140 hanc
344 2073 455 2140 urbem
479 2092 550 2138 mea
573 2075 667 2138 unius
690 2093 789 2155 opera
813 2094 885 2140 esse
908 2076 1040 2141 salvam.
1081 2094 1118 2140 ac
1142 2075 1219 2140 mihi
1241 2076 1378 2157 populus

239 2183 401 2247 Romanus
423 2181 591 2245 universus
614 2181 669 2244 illa
701 2181 732 2244 in
757 2181 907 2246 concione
930 2201 991 2245 non
1017 2181 1109 2246 unius
1145 2181 1208 2246 diei
1232 2182 1375 2262 gratula-

241 2286 359 2350 tionem
393 2285 450 2348 sed
491 2283 717 2349 aeternitatem
749 2283 1087 2364 immortalitatemque
1123 2284 1274 2366 donavit,
1307 2303 1378 2348 cum

240 2408 342 2454 uncum
363 2387 601 2469 jusjurandum
625 2387 690 2451 tale
714 2393 810 2469 atque
825 2391 949 2452 tantum
970 2387 1100 2468 juratus
1124 2387 1193 2468 ipse
1216 2406 1279 2452 uua
1301 2405 1378 2452 voco

242 2497 274 2558 et
304 2511 460 2558 consensu
492 2489 713 2572 approbavit.“
760 2491 811 2555 Ita
843 2491 924 2555 enim
960 2491 1079 2572 optime
1110 2492 1271 2556 consentit
1309 2509 1379 2556 cum

240 2598 341 2680 ipsius
363 2595 481 2674 verbis,
503 2595 542 2660 cf.
560 2594 611 2660 ad.
627 2591 701 2659 iam.
719 2594 756 2659 V.
777 2599 825 2676 12,
842 2600 869 2658 5.
910 2600 964 2680 ,at
987 2594 1047 2658 viri
1069 2612 1167 2675 saepe
1191 2593 1379 2659 excellentis

242 2701 397 2782 carcinites
417 2701 560 2780 variique
577 2717 671 2764 casus
687 2697 808 2764 habent
824 2699 1080 2777 admirationem,
1105 2699 1379 2780 exspectationem

238 2806 407 2886 laetitiam,
424 2803 614 2885 molestiam,
628 2821 727 2883 spem,
739 2804 907 2884 timorem3
932 2803 960 2868 si
973 2821 1048 2868 vero
1061 2803 1147 2868 exitu
1155 2800 1288 2868 notabili
1305 2821 1380 2867 con·

240 2911 421 2991 cluduntur,
445 2909 591 2989 expletur
606 2910 740 2989 animus,
760 2909 995 2990 jucundissima
1015 2908 1162 2974 lectionis
1183 2905 1377 2989 voluptate.“

327 3015 467 3080 Facilius
490 3019 556 3096 est,
591 3013 631 3078 de
654 3031 775 3097 genere
799 3013 926 3078 dicendi
950 3013 1046 3078 etde
1069 3011 1183 3078 habitu
1205 3013 1379 3096 hypomne-

241 3119 337 3185 matis
360 3117 517 3198 judicare.
565 3117 751 3182 Ciceronem
781 3117 886 3197 ipsum
910 3115 1042 3182 mirifice
1065 3135 1163 3198 opere
1192 3136 1250 3183 suo
1273 3116 1379 3183 delec-

240 3229 346 3290 tatum
369 3241 441 3287 esse
464 3227 609 3303 apparet,
645 3222 853 3306 ,conturbavi
876 3221 1034 3287 Graecam
1057 3221 1251 3288 nationem“.
1296 3221 1379 3287 Mul·

241 3332 310 3392 tum
332 3325 431 3391 studii
454 3343 492 3390 ac
515 3323 636 3390 laboris
660 3326 857 3406 consumpsit
872 3326 906 3390 in
921 3326 1062 3390 limando
1078 3324 1161 3390 libro
1178 3331 1211 3390 et
1227 3326 1379 3408 ornando,

242 3431 328 3496 lente
352 3435 385 3496 et
409 3429 575 3495 fastidiose
598 3429 757 3510 probavit,
781 3438 817 3496 ut
837 3429 979 3496 barbare
1001 3437 1034 3496 et
1050 3431 1177 3496 soloece
1194 3431 1321 3496 vitaret.
1340 3465 1377 3477 -

242 3535 392 3613 Quamvis
424 3553 500 3600 vero
524 3533 636 3600 Cicero
666 3533 789 3600 scribat
823 3553 905 3619 ,non
939 3532 1162 3619 ἐγκωμιαστικὰ
1194 3539 1269 3600 sunt
1300 3535 1381 3600 haec

242 3638 763 3724 11111111111111111111111111,
787 3657 881 3704 nemo
905 3640 1026 3718 credat,
1051 3659 1122 3705 eum
1135 3639 1263 3720 aliquod
1280 3657 1398 3734 genus⁸

240 3745 345 3811 laudis
368 3763 447 3811 suae
468 3744 748 3826 praetermisisse,
778 3746 972 3825 praesertim
996 3763 1077 3827 cum,
1100 3749 1136 3810 ut
1158 3744 1276 3810 multos
1300 3743 1381 3810 alios

241 3851 329 3918 locos
352 3851 507 3929 omittam,
530 3849 563 3914 in
585 3849 723 3930 epistole
737 3849 794 3915 illa
811 3850 851 3914 ad
874 3849 949 3915 fam.
963 3849 1000 3914 V.
1019 3850 1058 3914 12
1083 3849 1251 3915 aLucceio
1270 3853 1380 3930 petat:

243 3957 373 4042 ,itaque
402 3961 436 4021 te
469 3955 563 4036 plane
596 3956 692 4021 etiam
717 3961 815 4036 atque
839 3956 938 4021 etiam
960 3974 1056 4038 rogo,
1090 3961 1126 4021 ut
1158 3960 1191 4021 et
1222 3972 1319 4020 ornes
1342 3973 1381 4020 ea

241 4061 461 4128 uehementius
484 4061 593 4139 etiam,
617 4079 711 4142 quam
734 4060 875 4127 fortasse
899 4060 1001 4127 sentis
1022 4066 1056 4127 et
1077 4061 1109 4125 in
1122 4078 1160 4125 eu
1177 4061 1265 4141 leges
1278 4059 1380 4126 hiato·

242 4166 310 4232 riae
334 4166 547 4248 neglegast.
562 4214 569 4230 .
583 4165 789 4246 ..amorique
818 4170 930 4231 nostro
960 4166 1141 4246 plusculum
1164 4164 1262 4230 etiam
1286 4181 1380 4245 quem

137 4279 148 4298 ⁰
243 4272 399 4338 concedat
421 4270 541 4336 veritas
563 4268 737 4355 largiare“.

315 4478 341 4547 1)
358 4479 458 4549 Lagus,
477 4495 523 4548 pg.
544 4477 588 4534 ol.
626 4477 862 4545 Weizsaeclrorus,
880 4495 927 4548 pg.
948 4478 1009 4532 419.
